3186 5088
641 378 858 444 „31..

162 547 271 633 poesis
304 543 542 613 Callimacheae
574 540 720 625 reliquiis
748 562 914 623 excursus,
947 562 1009 625 quo
1036 543 1219 622 temporum
1247 538 1333 603 ratio

164 654 244 720 adeo
267 655 450 719 monstrose
470 649 693 715 confundatur.
702 643 727 732 ¹)
762 645 954 730 Respuenda
977 645 1078 729 igitur
1103 643 1334 709 Schneideri

163 761 250 825 fictio
282 762 315 824 et
342 754 611 840 acquiescendum
639 755 673 817 in
698 775 745 838 eo,
768 756 806 817 ut
834 755 1014 816 statuamus
1041 752 1132 816 illam
1161 751 1199 814 de
1222 749 1333 815 Aiacis

163 869 268 931 morte
291 862 437 928 fabulam
464 860 632 945 proprium
661 859 762 923 fuisse
791 857 913 943 elegiae
941 856 1077 922 alicuius
1106 860 1334 942 argumentum

165 993 202 1036 ac
225 992 285 1055 pro
309 968 393 1034 aetio
417 967 451 1032 in
474 988 512 1031 eo
541 965 683 1030 carmine
714 967 846 1049 poetam
868 962 1034 1045 habuisse,
1062 962 1147 1027 unde
1173 985 1244 1028 mos
1272 963 1334 1027 iste

164 1078 341 1142 Locrorum
359 1075 490 1140 initium
509 1069 687 1158 cepisset.²)
717 1070 788 1135 Iam
802 1092 892 1154 vero,
912 1071 940 1134 si
958 1093 1058 1136 unum
1072 1070 1217 1135 videmus
1236 1069 1335 1154 primi

166 1184 242 1249 libri
266 1183 418 1268 elegiam,
441 1202 522 1266 quae
546 1179 586 1244 ad
610 1199 731 1264 agones
755 1199 821 1242 non
846 1176 1025 1269 pertineat,
1053 1177 1188 1242 iunctim
1215 1179 1334 1242 tracta-

163 1299 215 1356 tos
238 1289 340 1354 fuisse
363 1311 401 1354 eo
425 1288 510 1353 libro
534 1308 654 1372 agones
678 1285 840 1351 affirmare
862 1306 928 1349 non
951 1284 1037 1350 licet.

95 1385 96 1388 ¹
252 1395 323 1461 Iam
350 1396 390 1460 de
418 1416 455 1459 eo
484 1393 704 1459 disserendum
735 1395 797 1477 cst,
825 1390 912 1475 quod
942 1391 1040 1455 tertio
1062 1390 1148 1455 libro
1172 1390 1334 1471 εὑρήματα

166 1506 323 1568 tractasse
342 1505 474 1585 poetam
493 1499 751 1565 Schneidcrus
771 1497 895 1562 statuit.
932 1495 995 1572 Qui
1013 1519 1087 1562 eum
1103 1497 1140 1560 de
1155 1499 1334 1561 ceterorum

163 1609 323 1674 librorum
347 1605 548 1690 argumentis
572 1627 654 1690 quae
677 1604 857 1688 disputavit
880 1602 1093 1668 ‘certissima'
1118 1625 1188 1668 esse
1211 1582 1335 1688 dixerit,

162 1715 250 1778 hunc
282 1734 378 1796 quem
412 1712 528 1776 statuit
559 1711 598 1776 de
625 1711 765 1777 inventis
794 1710 914 1775 librum
942 1709 1061 1776 ‘totum
1088 1711 1122 1774 in
1149 1710 1335 1775 coniectura

164 1821 308 1905 positum
332 1818 414 1885 esse'
436 1819 566 1886 fatetur.

253 1926 366 2012 Neque
400 1926 570 2012 quisquam
604 1926 790 2010 mirabitur,
827 1923 999 1989 dummodo
1032 1922 1334 1996 ‘certissimeilla'

162 2057 258 2119 quam
287 2035 413 2099 incerta
442 2033 520 2116 sint,
536 2033 768 2117 perspexerit,
800 2032 829 2096 si
855 2032 902 2116 id,
935 2031 1020 2116 quod
1047 2031 1117 2114 ipse
1143 2031 1193 2094 vir
1221 2029 1334 2095 doctus

162 2161 226 2204 non
248 2144 373 2205 certum
392 2161 462 2204 esse
482 2137 642 2223 concedit,
661 2138 751 2203 omni
769 2138 1052 2223 argumentatione
1066 2159 1175 2202 carere
1190 2137 1336 2202 animad-

162 2246 306 2311 verterit.
340 2245 403 2311 Sed
421 2247 540 2310 mirum
560 2267 650 2330 sane,
676 2267 740 2329 quo
759 2244 827 2308 iure
846 2245 897 2308 vir
914 2243 1028 2308 doctus
1048 2264 1119 2307 eam
1137 2243 1242 2327 ipsam
1261 2265 1335 2309 con—

161 2351 328 2432 iecturam,
352 2376 449 2437 quam
473 2354 632 2418 incertam
656 2372 727 2414 esse
754 2350 849 2416 modo
878 2350 1037 2415 concessit
1062 2371 1164 2433 neque
1192 2351 1266 2414 ullis
1289 2351 1336 2414 in-

164 2459 284 2522 struxit
306 2460 519 2543 argumentis,
551 2458 662 2542 paullo
690 2457 775 2521 infra
802 2461 838 2521 ut
866 2454 1100 2541 ‘probabilem'
1128 2459 1226 2542 atque
1255 2456 1334 2522 adeo

163 2561 454 2629 ‘verisimillimam'
482 2543 669 2646 praedicare
696 2559 880 2647 potuerit3).
922 2562 1004 2638 Quid
1027 2561 1114 2646 quod
1138 2584 1175 2627 eo
1206 2563 1336 2628 temeri-

161 2670 241 2735 tatis
263 2690 453 2755 progressus
477 2673 541 2754 est,
569 2673 606 2733 ut
632 2690 692 2754 pro
721 2673 809 2733 certo
837 2690 909 2733 cam
936 2669 1112 2735 venditarit
1134 2671 1335 2754 argumento,

161 2897 268 2954 rediit'.
305 2897 356 2952 Cui
381 2897 498 2953 artificio
525 2915 588 2952 cum
613 2898 665 2952 illa
689 2897 718 2952 iu
742 2898 868 2953 futurum
890 2901 1002 2969 tempus
1028 2897 1191 2954 excurrendi
1216 2897 1334 2966 ratione,

162 3003 248 3055 quam
276 2985 504 3040 Schneiderus
530 2984 704 3042 Callimacho
735 2987 899 3056 imputavit,
929 2988 1001 3044 nihil
1026 3004 1174 3043 commuue
1199 3003 1258 3041 esse
1286 2986 1335 3042 vix

160 3075 238 3132 dicto
257 3092 327 3146 opus
347 3077 397 3132 est.

252 3167 277 3234 1)
296 3162 467 3218 Notissimus
491 3166 534 3219 est
556 3164 605 3218 ille
629 3164 664 3219 de
689 3164 813 3220 Ariadna
836 3182 980 3234 excursus,
1004 3181 1088 3235 quem
1101 3164 1229 3220 ‘inseruit
1249 3165 1334 3233 poeta

163 3268 213 3306 suo
231 3252 266 3308 de
284 3251 391 3322 nuptiis
409 3253 487 3308 Pelei
504 3257 534 3308 ct
552 3253 679 3310 Thetidis
697 3254 822 3324 poemati
839 3271 921 3310 verso
936 3271 953 3309 a
967 3253 1079 3309 Catullo
1093 3253 1188 3308 LXIV.
1226 3252 1282 3308 Sed
1301 3268 1335 3307 ea

160 3343 309 3396 narrantur
333 3343 469 3411 tanquam
494 3343 583 3397 multo
609 3345 674 3398 ante
699 3343 787 3414 fecta,
814 3360 932 3413 quorum
957 3343 1120 3398 memoriam
1143 3340 1334 3412 spectantibus

160 3431 242 3488 affert
260 3429 431 3501 opertorium
449 3431 517 3486 lecti
534 3430 669 3501 genialis,
687 3431 717 3486 iu
735 3449 791 3500 quo
810 3432 964 3488 Ariadnam
983 3431 1125 3502 depictam
1142 3433 1228 3501 poeta
1245 3429 1333 3485 finxit.

160 3515 259 3586 Itaque
279 3519 390 3573 etiamsi
413 3521 514 3574 nimius
537 3521 568 3575 in
591 3521 631 3575 eis
654 3521 799 3576 narrandis
823 3520 1012 3576 Callimachus
1029 3519 1128 3587 fuerit,
1151 3521 1247 3574 tamen
1266 3534 1334 3573 sana

161 3621 226 3659 eum
243 3607 400 3675 temporum
418 3609 527 3664 ratione
544 3627 625 3664 usum
644 3626 705 3664 esse
725 3609 932 3665 concedendum
951 3611 1001 3664 est.
1039 3609 1117 3676 Quae
1140 3609 1237 3664 eontra
1261 3608 1334 3662 esset

161 3693 321 3763 temporum
339 3694 425 3762 ratio,
450 3694 473 3748 si
492 3712 509 3749 a
527 3696 710 3752 describendo
733 3698 807 3753 lecto
830 3697 936 3767 geniali
959 3695 1132 3767 exspatiatus
1151 3698 1225 3752 esset
1246 3697 1335 3765 poeta

161 3782 197 3837 ad
215 3781 276 3836 fata
295 3781 367 3852 eius,
386 3783 487 3852 quiex
508 3785 558 3841 illo
584 3785 742 3841 nasciturus
761 3788 835 3858 erat,
857 3786 957 3841 deinde
980 3785 1096 3842 rediiset
1114 3784 1150 3840 ad
1173 3784 1332 3840 describen-

160 3871 228 3925 dum
246 3869 351 3926 lectum
369 3870 522 3940 genialem!

250 3963 277 4026 2)
297 3959 338 4014 Ae
357 3958 421 4015 vide
439 3963 573 4028 quantam
595 3979 689 4018 rerum
712 3965 816 4020 molem
840 3963 1070 4018 Schneiderus
1092 3962 1122 4017 in
1145 3980 1230 4018 unam
1252 3962 1332 4017 illam

161 4065 245 4116 quam
263 4047 346 4102 finxit
373 4047 493 4118 elegiam
518 4049 693 4121 contorserit3
716 4053 818 4106 vellem
842 4049 957 4106 dixisset
980 4050 1023 4106 vir
1045 4052 1144 4133 doctus
1167 4054 1237 4121 quot
1253 4051 1333 4105 milia

160 4152 290 4192 versuum
309 4153 371 4192 eam
389 4136 558 4193 continuisse
577 4139 699 4208 elegiam
718 4141 841 4210 putaret3
866 4139 933 4209 quid
955 4140 1018 4197 dico
1045 4141 1184 4212 elegiam?
1206 4141 1237 4194 id
1254 4157 1331 4196 mou·
1376 4179 1378 4182 -

79 4233 82 4238 “
160 4226 246 4279 strum
264 4227 356 4295 potius
375 4225 542 4297 elegiacum!

248 4316 276 4384 3)
295 4315 320 4368 lI
335 4335 362 4385 p.
376 4321 425 4371 49:
442 4315 508 4370 ‘nisi
523 4317 598 4386 quod
612 4334 696 4388 supra
710 4316 776 4387 dixi,
790 4317 936 4388 probabile
952 4318 1021 4373 mihi
1035 4316 1124 4375 rideri
1137 4335 1230 4373 rerum
1244 4317 1331 4372 ctiam

158 4401 318 4458 inventores
343 4421 360 4458 a
385 4405 558 4462 Callimacho
582 4406 670 4462 fixisse
695 4406 865 4490 celebratos3
891 4407 976 4475 atque
1000 4408 1071 4462 haec
1097 4407 1211 4475 quidem
1236 4407 1331 4462 omnia
1423 4463 1432 4478 ‚

159 4492 229 4548 mus
247 4493 307 4550 ves
324 4493 456 4550 videntur
474 4474 638 4552 simr111m‘a’.
