3186 5088
658 383 876 447 ..41-

185 539 288 604 canda
320 539 383 604 sibi
415 539 623 625 proposuisse
655 541 818 625 putandus
851 540 941 626 est.¹)
987 541 1129 609 Fabulae
1161 566 1235 610 vere
1264 545 1354 610 cuius

184 646 391 731 potissimum
419 649 546 733 generis
575 651 673 733 poeta
700 649 879 714 narrandas
904 650 968 715 sibi
992 649 1143 735 elegisset
1166 672 1238 715 cum
1262 673 1356 736 quae·

154 834 156 838 ,
183 774 299 838 rerem,
333 776 401 821 non
434 755 625 840 placuerunt
654 777 735 840 quae
763 755 972 841 Diltheyus
1007 757 1136 825 innixus
1164 755 1356 822 Callimachi

185 861 416 947 epigrammate
449 858 574 947 XXX2)
609 862 752 946 prodidit
786 862 880 928 haec:
917 860 1153 947 ‘Cyrenensem
1189 863 1224 927 in
1261 864 1356 929 aetiis

184 971 326 1033 remotos
365 967 564 1052 obrutosque
600 968 785 1034 fabularum
818 969 925 1035 fontes
962 971 1060 1035 adiiss
1098 993 1135 1036 1ο
1170 970 1356 1036 reconditae

184 1073 351 1139 doctrinae
373 1095 439 1139 non
462 1075 526 1140 nisi
549 1097 568 1139 1
595 1076 801 1159 paucissimis
828 1099 999 1160 possessae
1027 1077 1144 1143 horrea
1172 1077 1357 1163 aperuisse'.

184 1181 269 1248 Nam
302 1182 366 1247 etsi
398 1184 431 1246 et
462 1182 532 1267 ipse
565 1182 684 1246 multas
717 1183 876 1249 eiusmodi
909 1183 1050 1269 fabulas,
1085 1207 1165 1269 quas
1193 1183 1271 1250 dicit
1307 1185 1357 1250 vir

65 1346 70 1353 .
184 1289 312 1374 doetus,
348 1288 383 1353 in
415 1289 507 1354 aetiis
539 1291 695 1354 tractatas
728 1290 828 1354 fuisse
865 1287 1101 1376 crediderimss),
1137 1296 1248 1357 tamen
1284 1314 1357 1357 cum

185 1395 224 1460 de
247 1396 348 1461 Aiace
376 1418 515 1482 quoque,
544 1395 744 1462 Cassandrae
772 1398 827 1481 qui
860 1397 925 1463 vim
953 1398 1066 1462 attulit
1097 1402 1130 1463 et
1159 1398 1199 1464 de
1229 1398 1358 1464 funesta

184 1502 269 1568 Icari
293 1505 381 1569 sorte
405 1504 509 1588 egisse
533 1508 663 1588 poetam
686 1525 725 1568 ex
747 1504 829 1586 ipsis
853 1503 1013 1569 aetiorum
1039 1504 1232 1590 fragmentis
1259 1527 1358 1590 appa-

184 1608 300 1697 11114),
323 1610 501 1676 nobiliores
526 1633 599 1675 eum
622 1610 750 1676 fabulas
774 1632 870 1696 opere
894 1633 952 1676 suo
974 1633 1042 1676 non
1063 1611 1160 1696 plane
1184 1613 1358 1678 exclusisse

185 1717 424 1782 eoncedendum
458 1714 562 1803 erit.⁵)
608 1717 761 1783 Ceterum
792 1719 876 1782 tales
907 1717 1052 1803 fabulas,
1090 1719 1196 1804 qualis
1228 1719 1286 1784 illa
1319 1719 1358 1784 de

185 1822 350 1909 Cydippae
373 1826 406 1888 et
427 1823 546 1889 Aconti
569 1846 692 1908 amore,
721 1826 840 1911 quippe
869 1846 951 1909 quae
975 1824 1017 1890 ad
1040 1825 1226 1890 mortalium
1249 1825 1358 1909 potius

184 1931 254 1996 fata
281 1952 378 2014 quam
407 1931 448 1995 ad
475 1930 552 1996 deos
580 1930 760 2016 heroesque
791 1932 969 2017 pertineat,
1001 1953 1121 2016 paucas
1151 1935 1277 1997 tantum
1307 1932 1359 1998 vel

184 2039 312 2121 praeter
335 2036 426 2102 illem
448 2037 516 2103 fere
538 2038 646 2102 nullas
669 2038 704 2102 in
727 2039 821 2104 aetiis
844 2042 1002 2104 tractatas
1033 2039 1133 2104 fuisse
1162 2039 1256 2105 docet
1278 2040 1358 2105 illud

185 2142 301 2207 incerti
325 2143 468 2209 auctoris
491 2144 693 2228 epigramma
717 2143 831 2231 (Anth.
855 2144 1150 2236 Ra1.V1142),in
1174 2168 1238 2230 quo
1263 2167 1359 2232 argu·

186 2253 332 2314 mentum
355 2249 512 2315 aetiorum
536 2251 643 2316 verbis
670 2251 871 2336 significatur
895 2251 992 2333 ‘tupi
1014 2273 1048 2317 τε
1073 2252 1253 2319 ἀθανάτου(
1277 2252 1358 2334 ἀμφί

184 2376 219 2421 τε
249 2357 406 2438 ἡμιθέουε.
452 2355 522 2422 Nec
553 2379 629 2422 sane
657 2358 821 2436 Martialis
844 2358 875 2424 X
898 2357 952 2446 4⁶)
981 2363 1051 2425 tam
1079 2359 1248 2425 fastidiose
1273 2360 1358 2425 aetia

276 2625 303 2693 1)
322 2623 347 2677 A
365 2622 512 2692 Propertio
530 2622 763 2693 proficiscendum
782 2639 843 2680 esse
861 2624 1004 2679 intellexit
1020 2624 1079 2679 iarn
1097 2624 1283 2695 Diltheyus
1301 2625 1320 2679 1.
1339 2625 1359 2679 1.

184 2730 211 2783 p.
233 2717 284 2768 165
304 2711 396 2769 ‘nobis
420 2713 473 2767 hac
496 2712 526 2766 in
550 2728 635 2767 causa
656 2729 793 2783 perquam
815 2713 924 2769 lubrica
947 2715 1041 2768 tutum
1069 2713 1151 2768 unice
1178 2714 1313 2769 habemus
1343 2730 1360 2769 a

185 2803 262 2856 certo
281 2801 367 2857 ordiri
385 2800 524 2871 Propertii
542 2801 726 2858 testimonio'.
765 2801 806 2860 Cf.
825 2802 948 2858 Raueh.
967 2821 996 2873 p.
1018 2809 1040 2858 1.

273 2891 300 2958 2)
400 2890 535 2958 Ἐχθαίρω
553 2891 587 2944 τὸ
605 2890 712 2959 ποίημα
730 2892 763 2945 τὸ
782 2892 910 2945 κυκλικὸν
929 2892 996 2946 οὐδὲ
1015 2893 1137 2962 κελεύθῳ

433 2978 530 3048 χαίρω,
548 2979 590 3034 τίε
607 2983 727 3034 πολλοὺς
746 2981 801 3035 ὧδε
820 2984 865 3034 καί
884 2982 939 3036 ὧδε
958 2981 1046 3050 φέρει.

397 3069 479 3134 μιεέω
498 3069 543 3122 καί
560 3066 725 3136 περίφοιτον
744 3069 886 3136 ἐρώμενον
905 3071 972 3124 οὐδ’
990 3070 1045 3124 ἀπὸ
1065 3071 1168 3138 κρήνη(

434 3157 520 3212 πίνω·
540 3156 668 3224 ακχαίνω
685 3159 778 3213 πάντα
796 3159 832 3212 τὰ
851 3161 974 3226 δημόεια.

274 3248 301 3315 3)
321 3246 407 3301 Velut
424 3245 512 3314 illam,
526 3262 583 3314 qua
597 3262 645 3301 cur
659 3246 750 3301 Diana
763 3247 800 3301 ab
815 3247 969 3302 Arcadibus
988 3247 1180 3315 Ἀπαγχομένη
1196 3247 1272 3302 dicta
1286 3249 1361 3303 esset

186 3335 392 3406 explicabatur3
411 3335 445 3390 cf.
464 3336 563 3405 fragm.
584 3342 600 3390 3
620 3335 706 3390 Clem.
725 3334 803 3390 Alex.
823 3337 962 3406 Protrept.
981 3356 1009 3407 p.
1028 3343 1063 3391 32
1085 3336 1206 3392 Potter.:
1232 3337 1360 3404 Ἄρτεμιν

186 3427 314 3494 Ἀρκάδεε
334 3426 542 3492 Ἀπαγχομένην
561 3427 735 3493 καλουμένην
758 3428 977 3495 προετρέπονται
1000 3428 1039 3481 ὥς
1057 3444 1123 3494 φηει
1144 3425 1312 3492 Καλλίμαχοι
1330 3427 1360 3479 ἐν

184 3514 293 3569 Αἰτίοις.
321 3514 419 3588 Neque
439 3513 514 3568 enirn
532 3513 695 3585 verisimile,
709 3515 739 3568 id
753 3515 828 3584 quod
847 3515 1079 3570 Schneiderus
1098 3514 1207 3583 statuit,
1226 3515 1286 3568 tarn
1305 3514 1360 3568 sin-

184 3601 312 3672 gularem
331 3602 438 3656 cultum
455 3601 486 3657 in
503 3605 663 3657 transcursu
682 3603 775 3672 potius
794 3602 922 3673 attigisse
941 3605 1055 3673 poetam
1074 3620 1159 3673 quam
1184 3602 1251 3657 data
1274 3619 1361 3672 opera

184 3691 377 3761 explicavisse.

273 3783 300 3848 4)
320 3780 360 3836 Cf.
379 3780 479 3851 fragm.
500 3787 517 3835 ὁ
536 3782 565 3836 et
582 3780 682 3852 fragm.
704 3779 753 3835 13‘l
772 3781 932 3836 Schneider.
1137 3828 1142 3845 .

274 3870 301 3940 ὁ)
321 3867 405 3924 Cuius
424 3870 580 3926 sententiae
599 3871 705 3926 socium
722 3870 814 3926 habeo
832 3869 1001 3924 Naelxium
1026 3870 1095 3925 Call.
1114 3870 1181 3927 Hec.
1201 3889 1228 3941 p.
1249 3877 1291 3940 67,
1311 3872 1361 3941 qui

182 3960 333 4029 postquam
357 3956 452 4013 aetion
477 3957 589 4025 aliquod
613 3959 643 4013 id
666 3958 819 4029 explicasse
843 3959 1008 4026 affirmavit,
1034 3959 1118 4014 ‘unde
1142 3958 1301 4029 Scyllaeum
1320 3959 1360 4014 di-

184 4048 272 4103 ctum'
293 4047 372 4103 addit
390 4047 473 4102 haee:
495 4046 589 4113 ‘Quod
608 4047 631 4101 si
650 4048 712 4116 quis
728 4047 844 4103 obiiciat
859 4046 982 4115 Scyllaei
997 4048 1216 4117 appellationem
1228 4065 1360 4118 promon-

183 4136 250 4191 torii
267 4137 309 4192 ita
326 4135 413 4192 fuisse
430 4135 529 4190 tritam
549 4135 686 4205 omnibns,
705 4139 738 4190 ut
755 4153 817 4191 eam
836 4137 883 4190 vix
897 4136 1013 4206 dignam
1028 4137 1214 4207 explicatione
1228 4136 1360 4191 habuisse

184 4225 281 4280 doctus
299 4226 384 4294 poeta
403 4222 591 4280 Callimachus
610 4224 746 4292 videatur,
765 4226 952 4295 reputandum
970 4227 1021 4296 est,
1036 4226 1060 4280 si
1073 4225 1252 4296 cupidissime
1272 4225 1360 4282 Calli-

186 4315 302 4368 machus
322 4314 453 4369 obscuras
471 4313 582 4369 fabular
601 4311 760 4369 reconditas
775 4331 809 4376 ex
823 4314 880 4368 situ
893 4313 1071 4384 antiquitatis
1086 4313 1197 4382 eruerit,
1210 4331 1267 4369 non
1280 4314 1361 4384 sequi

185 4402 355 4472 necessario,
382 4402 415 4456 ut
432 4403 513 4457 notas
538 4402 748 4471 celebratasque
772 4402 809 4457 ab
828 4402 891 4458 aliis
909 4402 1020 4458 fabulas
1043 4401 1168 4458 studiose
1192 4403 1360 4458 evitaverit’.

276 4495 303 4560 θ)
322 4490 414 4560 Supra
432 4489 551 4546 citatum
568 4509 595 4562 p.
617 4497 632 4546 'l
651 4490 714 4546 adn.
735 4497 760 4546 1.
1334 4484 1337 4488 ’
