3186 5088
717 1227 864 1302 Vita.

294 1435 399 1502 Natus
432 1461 460 1502 a.
490 1437 574 1503 1856
607 1438 732 1524 Pragae
765 1442 881 1523 quarto
920 1439 1037 1504 aetatis
1071 1460 1155 1503 anno
1187 1439 1375 1522 parentibus

206 1542 403 1609 domicilium
427 1545 628 1609 mutantibus
653 1544 780 1609 Gissam
804 1545 951 1629 perveni,
978 1546 1034 1610 ubi
1055 1537 1169 1628 ¹primis
1193 1545 1375 1608 litterarum

206 1649 373 1713 elementis
402 1650 546 1714 imbutus
575 1673 654 1716 sum.
698 1649 843 1734 Lipsiam
871 1673 943 1716 cum
976 1637 1242 1736 transmigrasset
1272 1654 1375 1735 pater,

205 1755 334 1821 scholae
358 1779 408 1822 me
433 1756 631 1822 educandum
654 1759 790 1823 tradidit
811 1758 1012 1844 Thomanae‚
1036 1780 1133 1846 quam
1150 1781 1184 1825 a.
1209 1757 1295 1822 1875
1319 1756 1373 1820 ab·

205 1872 312 1936 soluto
335 1874 534 1938 maturitatis
555 1873 700 1938 examine
719 1874 845 1958 reliqui.
881 1875 933 1939 Ex
952 1874 1008 1939 illo
1027 1877 1173 1958 tempore
1192 1871 1373 1955 adscriptus

84 1973 89 1981 '
202 1977 250 2042 fui
278 1979 544 2044 universitatibus
572 1980 805 2068 Tuabingensi,
836 1979 1052 2065 Berolinensi,
1086 1980 1248 2064 Lipsiensi
1277 1982 1374 2062 atque

203 2083 311 2148 audivi
326 2086 524 2168 professores
539 2086 674 2170 Teuffel,
689 2083 857 2171 Schwabe,
871 2086 1053 2169 Kirchhoff,
1070 2085 1211 2164 Vahlen,
1229 2083 1373 2169 Nitzsch,

202 2188 342 2274 Ritsohl,
367 2191 511 2277 Curtius,
534 2192 703 2276 Eclrstein,
727 2191 852 2279 Lange,
875 2194 991 2279 Voigt,
1010 2191 1147 2272 Hamae,
1170 2191 1286 2276 quibus
1311 2190 1372 2256 hae

202 2295 279 2360 data
306 2299 472 2363 occasione
505 2300 628 2384 gratias
662 2320 725 2384 ago
758 2300 925 2364 maximas.
971 2299 1087 2364 Finitis
1116 2297 1230 2362 studiis
1267 2297 1373 2381 philo-

200 2400 317 2486 logieis
346 2405 558 2489 absolutoque
582 2407 727 2471 examine
751 2429 809 2490 pro
833 2407 987 2471 facultate
1010 2407 1139 2491 linguas
1163 2405 1313 2470 classioas
1336 2403 1372 2466 in

201 2511 382 2592 gymnasiis
410 2511 546 2576 docendi
580 2515 734 2577 autumno
764 2514 840 2577 anni
869 2514 955 2578 1880
987 2512 1028 2577 ad
1060 2510 1209 2577 tirocinia
1238 2509 1371 2575 docendi

200 2615 350 2696 ponenda
368 2615 526 2680 Dresdam
547 2618 719 2682 accessitus
740 2641 824 2703 sum,
847 2608 906 2683 ubi
921 2619 956 2681 in
974 2619 1144 2703 gymnasio
1163 2619 1253 2704 regio
1272 2618 1370 2683 etiam

83 2709 91 2724 ’
201 2742 286 2790 nunc
309 2723 420 2788 vicarii
443 2747 574 2790 munere
597 2725 723 2810 fungor.
