3186 5088
653 357 873 420 „23-

175 517 275 583 Vides
303 516 476 582 historiam
504 516 623 581 idcirco
651 517 800 598 allatam,
827 518 865 580 ut
892 516 1122 601 explicaretur,
1148 517 1232 582 unde
1261 539 1350 582 mare

175 627 317 692 Icarium
340 646 459 689 nomen
483 624 670 708 accepisset.
715 622 834 689 Nonne
861 625 962 710 igitur
989 624 1022 688 id
1049 624 1158 710 ipsum
1185 627 1223 688 ut
1250 625 1349 709 expli-

176 735 317 815 caretur,
350 731 516 816 proprium
548 730 683 795 alicuius
715 730 872 795 aetiorum
901 731 1023 816 elegiae
1052 731 1221 795 consilium
1248 730 1349 796 fuisse

176 840 428 905 consentaneum
452 835 523 900 est?
555 834 609 902 An
630 836 850 921 verisimilius,
868 837 902 902 id
921 838 1006 921 quod
1026 835 1237 903 Schneiderus
1262 839 1349 905 solus

175 945 329 1011 nimirum
352 965 543 1027 persuasum
571 942 682 1028 habet,
709 943 801 1007 illam
829 942 976 1007 fabulam
999 944 1216 1028 exspatiatum
1239 944 1349 1028 potius

175 1073 323 1119 narrasse
342 1053 473 1135 poetam
491 1050 527 1115 in
545 1050 699 1133 carmine,
719 1049 808 1114 cuius
828 1048 998 1113 consilium
1016 1048 1123 1134 fuerit,
1144 1052 1189 1133 ut,
1212 1071 1349 1135 quorum

175 1159 465 1224 instrumentorum
484 1161 597 1222 auctor
615 1160 700 1222 esset
718 1155 897 1240 Daedalus,
920 1155 1158 1240 explicaretur?
1192 1155 1286 1233 Quod
1307 1179 1349 1222 ne

176 1267 348 1349 statueret,
377 1267 506 1347 praeter
533 1267 640 1330 cetera
665 1264 717 1328 vir
744 1263 857 1332 doctus
884 1300 919 1310 —
947 1266 980 1327 et
1007 1264 1040 1327 id
1068 1263 1196 1348 quidem
1223 1264 1350 1328 monuit

175 1373 241 1437 iam
262 1371 471 1455 Diltheyus
495 1371 533 1436 de
552 1370 633 1437 Call.
647 1369 724 1455 Cyd.
738 1394 769 1456 p.
786 1370 850 1435 105
871 1407 909 1417 -
934 1391 1030 1440 uersu
1052 1370 1112 1434 illo
1135 1370 1349 1455 Propertiano

175 1478 340 1564 prohiberi
359 1477 479 1562 debuit,
498 1501 563 1564 quo
582 1481 681 1563 poeta
698 1481 873 1562 postquam
890 1476 1036 1544 Romana
1054 1498 1089 1543 se
1108 1477 1193 1542 aetia
1213 1478 1349 1562 scriptu·

174 1607 246 1650 rum
268 1581 434 1670 professus
459 1589 522 1669 est,
544 1584 580 1648 in
603 1583 689 1648 hunc
712 1583 844 1648 modum
863 1583 1045 1649 accuratius
1065 1583 1236 1649 consilium
1256 1606 1349 1650 suum

174 1679 409 1756 circumscribit
431 1689 471 1774 V,
496 1690 529 1774 1,
553 1690 609 1755 69:
652 1687 766 1766 ‘Sacra
799 1689 928 1774 diesque
960 1712 1075 1755 canam
1108 1693 1141 1754 et
1170 1692 1351 1774 cognomino

168 1797 276 1878 prisca
299 1794 453 1861 locorum'.
497 1795 569 1888 lam
591 1796 693 1881 igitur
715 1818 780 1860 non
805 1796 937 1861 dubium
961 1801 1024 1880 est,
1055 1796 1134 1881 quin
1155 1819 1221 1862 non
1245 1797 1349 1861 solum
1474 1807 1481 1818 ‘

171 1903 261 1968 illius
284 1903 327 1978 de,
341 1901 445 1968 Icario
468 1902 553 1968 mari
576 1902 730 1967 carminis
754 1902 810 1967 sed
833 1902 1170 1986 etiam-complurium
1195 1902 1228 1967 id
1251 1903 1349 1968 fuerit

173 2009 358 2093 consilium,
394 2013 431 2074 ut
468 2010 662 2096 cognomina
694 2010 801 2094 prisca
832 2011 978 2074 locorum
1010 2010 1095 2075 unde
1128 2013 1201 2074 orta
1232 2013 1349 2093 essent,

173 2117 429 2190 ostenderetur„
450 2115 523 2183 Hoc
550 2138 626 2183 vero
657 2117 686 2182 si
712 2117 876 2202 concedis,
904 2118 971 2182 iam
1001 2116 1105 2198 vides,
1127 2117 1348 2200 tripartitione

173 2222 232 2288 illa
255 2226 376 2308 quanto
401 2223 537 2289 sevitio
563 2222 776 2290 Schneiderus
801 2223 1022 2288 obstrinxerit.

262 2328 325 2394 Sed
354 2331 533 2414 videamus,
562 2352 626 2414 qua
652 2331 703 2394 vir
731 2329 845 2396 doctus
868 2329 994 2395 ratione
1018 2352 1037 2393 a
1060 2329 1270 2395 frmdamento
1294 2354 1347 2396 ex-

173 2458 266 2501 orsus
280 2440 348 2501 tam
362 2438 525 2504 imbecillo
546 2441 653 2502 cetera
672 2459 731 2502 sua
748 2437 871 2523 placita
888 2436 1087 2501 instruxerit.
1119 2436 1234 2522 Pergit
1247 2437 1347 2503 enim:

173 2541 248 2608 ‘neo
271 2543 379 2608 minus
403 2546 526 2609 certum
549 2546 628 2626 puto
641 2543 727 2627 hoc,
751 2565 789 2607 ea
807 2563 926 2628 genera
944 2547 1145 2626 pertractata
1163 2543 1263 2609 fuisse
1285 2545 1347 2609 sin-

172 2648 258 2734 gulis
291 2649 406 2714 Αἰτίων
438 2648 547 2734 libris3
586 2648 679 2713 aliter
717 2649 802 2713 enim
834 2670 894 2713 nec
928 2645 1148 2714 Callimachus
1185 2651 1347 2732 paruisset

170 2755 292 2820 rationi
316 2755 397 2820 etc'.
442 2756 679 2841 Argumentum
710 2777 783 2820 oum
814 2755 909 2839 satis,
941 2757 978 2819 ut
1008 2754 1148 2840 videtur,
1181 2757 1245 2822 vile
1275 2759 1346 2822 tum

172 2883 235 2945 quo
259 2861 343 2926 nihil
367 2862 497 2926 omnino
521 2863 756 2945 comprobetur.
801 2859 888 2926 Nam
912 2883 1003 2927 suam
1028 2860 1164 2947 quisque
1187 2863 1346 2930 eiusmodi

171 2969 206 3033 in
233 2969 331 3034 rebus
355 2966 546 3033 ‘rationem'
573 2967 687 3053 habet,
719 2972 752 3033 et
776 2968 880 3053 qualis
905 2967 1097 3034 Callimachi
1124 2969 1209 3034 ratio
1238 2970 1346 3056 fuerit,

170 3074 204 3139 id
222 3075 329 3160 ipsum
349 3095 426 3140 sane
445 3074 619 3159 quaeritur.
651 3073 721 3139 Nec
738 3075 885 3159 profecto
905 3075 1052 3160 equidem
1071 3079 1140 3140 tam
1158 3099 1344 3160 perversam

170 3180 272 3246 fuisse
296 3179 489 3247 crediderim
508 3179 666 3266 Cyrenaei
694 3181 869 3266 rationem,
899 3185 936 3246 ut
962 3204 1027 3246 uno
1056 3182 1141 3246 libro
1165 3184 1203 3247 de
1228 3182 1343 3250 ‘sacris

171 3289 321 3373 omnique
345 3288 477 3354 deorum
503 3287 608 3354 cultu’
633 3293 754 3374 ageret,
778 3290 843 3355 alio
871 3289 1018 3355 deludis
1047 3289 1258 3369 solemnibus,
1288 3291 1344 3376 qui

171 3399 204 3460 et
225 3396 289 3481 ipsi
313 3396 353 3461 ad
378 3418 470 3461 sacra
493 3397 681 3481 cultumque
704 3396 837 3462 deorum
860 3397 1035 3482 pertinent.

260 3501 322 3566 Sed
333 3503 473 3567 alterum
485 3500 723 3569 Schneidero
733 3507 864 3589 praesto
875 3506 924 3568 est
935 3509 1173 3589 argumentum3
1187 3528 1263 3570 nam
1271 3529 1343 3591 per·

170 3609 235 3693 git:
259 3607 305 3672 ‘et
317 3609 493 3674 verendum
509 3613 603 3693 esset,
616 3632 657 3674 ne
671 3610 770 3695 ipsis
783 3634 920 3695 parum
938 3610 1112 3677 tribuere
1127 3613 1344 3680 videremur

170 3717 343 3779 veterum
362 3715 618 3799 testimoniis,
642 3716 698 3800 qui
712 3738 785 3781 curn
799 3717 994 3801 peculiarem
1009 3715 1203 3783 Callimachi
1221 3720 1342 3786 librum

170 3823 243 3901 περὶ
271 3820 410 3898 ἀγώνων
436 3823 605 3888 nominent
638 3859 676 3869 —-
712 3823 775 3889 etsi
803 3825 1089 3910 grammaticorum
1120 3848 1211 3892 more
1240 3828 1341 3894 libros

170 3926 294 4012 dicunt,
326 3948 407 4010 quae
434 3926 528 3991 unius
556 3928 633 3993 libri
662 3933 755 3994 erant
781 3934 891 4014 partes
920 3967 962 3976 -
990 3929 1053 3995 hoc
1079 3935 1189 3998 tamen
1217 3932 1341 4019 docent,

168 4031 326 4118 peculiari
348 4031 433 4097 libro
458 4055 478 4096 a
495 4030 696 4100 Callimacho
719 4035 856 4100 iunctim
881 4057 952 4100 esse
974 4040 1191 4120 pertractatos
1211 4060 1341 4126 agones,

169 4140 252 4205 unde
277 4139 375 4205 etiam
399 4138 437 4204 de
460 4139 589 4204 urbium
613 4141 793 4225 originibus
817 4145 851 4207 et
873 4142 912 4207 da
934 4144 1033 4209 tertio
1057 4168 1184 4231 quoque
1211 4150 1340 4231 quarto-

170 4267 245 4331 que,
268 4246 480 4331 quodcunque
499 4247 571 4328 fuit,
586 4268 702 4334 genere
721 4269 786 4311 non
803 4248 869 4313 iam
888 4249 987 4316 dubia
1005 4274 1057 4317 res
1076 4252 1140 4317 sit'
1172 4253 1340 4319 Pertinent

169 4353 250 4417 haec
283 4352 322 4416 ad
353 4353 473 4440 locum,
505 4355 590 4439 apud
621 4354 913 4442 Harpocrationem
945 4360 1000 4444 qui
1032 4360 1208 4444 invenitur,
1240 4360 1339 4425 hunc:

169 4459 279 4525 Ἄκτια
307 4459 397 4537 ἀγὼν
429 4463 566 4529 παλαιὸς
597 4465 637 4545 ἦν
669 4463 714 4530 ὡ(
747 4467 848 4545 δῆλον
879 4470 966 4534 ποιεῖ
999 4466 1196 4549 Καλλίμαχος
1224 4468 1260 4532 ἐν
1290 4473 1337 4554 τῷ
