3186 5088
742 337 873 440 -,20
919 373 959 383 .-

176 517 178 522 ·
266 494 358 562 τόνδ’
386 492 557 580 aaronem)
592 496 712 578 φόβον;
745 496 860 563 Arist:
891 498 921 562 τί
949 499 984 563 δέ
1014 519 1060 564 coi
1087 503 1204 566 τοῦτον
1232 501 1354 579 ἐπῆγον
1380 498 1441 563 τὸν

265 603 381 684 φόβον.
427 602 542 688 Itaque
572 604 633 668 etsi
661 625 765 687 pauca
793 605 951 688 quaedam
978 606 1030 670 vel
1056 606 1187 674 aliunde
1211 606 1364 690 subrepta
1385 606 1442 670 vel

266 733 305 776 ex
329 733 386 776 suo
408 710 511 794 ipsius
534 711 665 794 ingenio
688 710 807 776 hausta
820 710 1047 778 Aristaenetus
1071 712 1281 778 admiscuisse
1304 712 1442 797 videtur,

264 821 382 902 tamen,
406 817 492 902 quod
511 839 551 882 ne
572 817 641 901 ipse
660 817 789 901 quidem
802 818 1011 903 Diltheyus
1029 824 1138 906 negat,
1160 821 1262 885 totius
1281 820 1441 903 epistolae

265 946 382 996 sonum
408 924 583 1009 stilumque
608 922 809 990 Callimacho
834 925 945 990 deberi
968 927 1183 992 certissimum
1207 931 1264 993 est.
1300 925 1370 991 Iam
1392 927 1442 991 vi·

265 1031 355 1115 deas,
384 1032 452 1096 eius
481 1031 638 1115 epistolae
666 1032 773 1116 qualis
801 1033 845 1098 sit
868 1032 1022 1099 elocutiol
1060 1034 1164 1109 Quam
1188 1057 1208 1098 a
1230 1034 1342 1098 nativa
1366 1032 1441 1096 sim-

264 1138 409 1222 plicitate
438 1139 557 1204 aliena!
588 1160 685 1222 quam
714 1139 892 1223 depravata
913 1139 988 1205 fuco
1013 1140 1193 1224 exquisitae
1216 1139 1440 1204 verbositatis!

265 1243 352 1320 Quot
378 1245 504 1310 flosculi
533 1246 626 1331 adeo,
653 1249 690 1311 ut
712 1246 760 1311 ita
782 1245 901 1331 dicam,
929 1248 1025 1311 melle
1053 1246 1259 1330 mellitiores‚
1286 1250 1324 1310 ut
1345 1245 1441 1310 fasti-

162 1358 165 1364 '
266 1351 355 1415 dium
378 1352 487 1437 potius
511 1375 609 1437 quam
632 1353 834 1438 voluptatem
858 1354 1021 1418 moveant!
1059 1353 1164 1430 Quam
1187 1354 1323 1436 denique
1346 1351 1440 1416 infla-

264 1460 334 1522 tum
354 1458 481 1524 dicendi
495 1460 611 1546 genus!
639 1460 754 1544 ltaque
773 1461 823 1526 vel
844 1461 872 1525 si
891 1483 955 1526 una
974 1460 1163 1526 haecnobis
1178 1459 1440 1526 adiudicandum

265 1545 345 1630 ansa
364 1570 563 1652 suppeteret,
585 1572 697 1632 tamen
715 1568 753 1633 de
771 1568 885 1633 inflata
908 1569 1068 1634 aetiorum
1090 1568 1271 1634 elocutione
1296 1566 1440 1631 dubitari

265 1694 331 1738 non
354 1677 475 1764 posset.
485 1670 511 1760 2)

352 1778 440 1864 ¹Sed,
474 1779 590 1846 dixerit
624 1780 797 1865 quispiam,
830 1802 938 1845 nonne
972 1779 1090 1845 mirum
1118 1783 1182 1865 est,
1215 1781 1270 1865 qui
1302 1781 1337 1844 in
1373 1803 1438 1846 uno

265 1908 361 1971 opere
392 1885 541 1950 inflatum
574 1908 608 1952 se
639 1887 806 1970 praestitit
837 1890 983 1970 poetam,
1017 1887 1151 1952 eundem
1184 1887 1219 1950 in
1252 1887 1370 1972 altero,
1405 1886 1438 1954 id

264 1993 350 2078 quod
391 1996 428 2057 tu
469 1992 599 2076 quidem
639 1992 678 2057 de
718 1992 818 2078 elegis
860 1990 1053 2058 Callimachi
1094 1993 1233 2078 statuis,
1279 2015 1434 2059 summam

265 2122 397 2186 pressae
420 2099 614 2164 elocutionis
643 2099 838 2185 elegantiam
867 2120 937 2164 esse
967 2104 1160 2165 assecutum.
1205 2099 1308 2176 Quem
1331 2100 1436 2165 hercle

264 2209 415 2292 reputare
438 2207 549 2290 velim,
575 2206 735 2271 aetiorum
758 2209 793 2270 et
815 2208 980 2290 elegorum
1003 2207 1109 2291 qualis
1132 2206 1231 2272 fuerit
1255 2207 1437 2291 argument

265 2313 448 2379 diversitas:
471 2335 586 2397 nempe
605 2313 732 2398 epicum
751 2313 894 2397 illorum,
913 2312 1029 2378 horum
1048 2317 1161 2408 contra
1181 2314 1318 2397 lyricum
1337 2313 1438 2378 fuisse

265 2424 521 2504 argumentum.=
546 2419 618 2496 Qua
640 2441 678 2484 ex
702 2419 890 2484 diversitate
915 2420 1220 2504 argumentietiam
1244 2420 1439 2486 elocutionis

266 2527 343 2592 oriri
367 2527 589 2591 diversitatem
611 2548 678 2593 non
705 2528 810 2592 solum
838 2548 905 2592 non
927 2527 1108 2612 mirificum,
1131 2527 1187 2593 sed
1209 2548 1341 2612 prorsus
1366 2549 1439 2592 con-

266 2637 456 2698 sentaneum
475 2637 534 2699 cst.
566 2631 704 2698 Carmen
727 2633 813 2698 enim
836 2633 974 2717 lyricum
997 2634 1068 2717 ipse
1086 2634 1174 2717 parit
1193 2633 1325 2699 affectus
1344 2635 1439 2718 quasi

264 2740 315 2805 sui
338 2739 448 2823 ipsius
465 2740 653 2824 imaginem,
675 2743 713 2834 ut
735 2743 887 2804 naturam
905 2739 939 2804 id
957 2739 1099 2804 redolere
1122 2761 1252 2834 necegse
1276 2740 1327 2805 sit.
1360 2739 1437 2824 Epi-

266 2868 336 2910 cum
357 2852 470 2913 contra
489 2847 545 2931 qui
565 2848 792 2930 argumentum
811 2847 945 2930 tractat,
968 2845 1010 2930 ei,
1034 2867 1106 2911 cum
1129 2847 1297 2911 deficiente
1321 2846 1438 2912 affectu

264 2956 353 3018 totus
377 2975 416 3018 ex
440 2956 509 3017 arte
532 2952 684 3038 pendeat,
707 2953 862 3018 facillime
882 2952 1011 3037 accidit,
1033 2957 1071 3018 ut
1087 2975 1147 3037 pro
1167 2953 1309 3038 simplici
1327 2955 1438 3040 reique

265 3064 343 3143 apta
367 3059 545 3125 elocutione
569 3059 720 3125 affectata
743 3063 853 3124 utatur
876 3063 974 3144 atque
998 3057 1152 3146 inflatu.³)
1192 3059 1285 3136 Quod
1308 3061 1437 3146 quidem

265 3163 466 3231 Callimacho
486 3187 627 3252 quoque,
645 3166 799 3232 mediocri
818 3167 943 3232 scilicet
960 3165 1104 3251 ingenio,
1123 3167 1278 3232 accidisse
1291 3167 1326 3241 iu
1340 3166 1436 3232 aetiis

355 3307 381 3374 1)
400 3305 465 3360 Non
485 3304 588 3362 haereo
610 3305 640 3361 in
663 3307 717 3362 hac
734 3306 839 3361 tradita
864 3304 1012 3376 scriptura3
1039 3312 1245 3376 supervacanea
1269 3305 1437 3361 Meinelrii

265 3393 433 3465 coniectura,
453 3395 580 3464 quamvis
599 3395 763 3465 Dilthayo
782 3411 892 3464 quoque
910 3394 1039 3466 probata.

353 3485 381 3554 2)
400 3483 498 3550 Itaque
516 3482 547 3537 in
569 3498 604 3538 oa
625 3481 803 3555 potissimum
826 3481 964 3553 quadrare
987 3483 1131 3551 videntur,
1156 3499 1227 3551 quae
1250 3481 1437 3538 Hortzber·

264 3571 340 3650 gius
355 3571 418 3642 (Qu.
433 3572 515 3642 Prop.
526 3571 552 3626 ΙΙ
566 3589 627 3644 cap.
641 3571 706 3640 VII,
721 3591 748 3642 p.
765 3575 826 3642 189)
837 3573 955 3628 confisus
968 3574 1044 3628 certe
1054 3571 1171 3629 Luciani
1184 3571 1288 3628 iudicio
1303 3603 1336 3614 —
1352 3589 1435 3642 quem

263 3665 360 3716 tamen
374 3660 408 3716 do
423 3659 505 3714 aetiis
521 3661 658 3731 cogitasse
673 3662 710 3717 ob
724 3661 810 3717 istum
823 3661 964 3733 Propertii
977 3663 1070 3717 locum
1085 3661 1156 3716 falso
1165 3661 1341 3717 intellectum
1350 3663 1437 3732 negat

265 3781 298 3790 -
318 3750 352 3804 ds
374 3748 546 3805 Callimacho
565 3748 691 3820 prodidit
708 3748 791 3805 haec:
812 3749 887 3805 ‘oum
906 3749 1027 3804 flosculis
1047 3749 1077 3804 et
1095 3749 1227 3805 affectato
1246 3751 1323 3806 cultu
1340 3750 1436 3805 inania

265 3839 381 3892 exornat
394 3841 561 3908 argumenta
575 3840 605 3894 ot
617 3840 755 3907 tanquam
774 3837 955 3909 gravissimas
969 3855 1013 3893 res
1026 3839 1163 3908 venditat,
1177 3840 1299 3895 absurda
1312 3839 1437 3895 nascitur

263 3942 357 3982 rerum
376 3928 460 3995 atquc
478 3930 627 3984 verborum
646 3927 854 3999 repugnantia'.

354 4017 381 4085 3)
400 4015 597 4086 Haec'optime
611 4018 740 4090 exposuit
752 4015 1002 4088 Hertzbargius
1018 4015 1327 4088 ou.Prop.11cap.vn
1341 4037 1367 4090 p.
1385 4023 1435 4074 188

264 4122 338 4174 sqq,
362 4104 411 4174 qui
428 4105 525 4160 tamon
543 4105 632 4176 viam,
655 4124 740 4176 quam
762 4106 903 4176 ingressus
922 4109 977 4176 est,
1000 4106 1102 4162 mirum
1124 4104 1154 4160 in
1172 4106 1287 4161 modum
1306 4108 1435 4165 deseruit.

264 4195 375 4251 Etenim
403 4198 554 4267 postquam
577 4195 680 4251 diserte
703 4197 855 4266 explicavit
877 4196 958 4252 unice
981 4195 1018 4251 ad
1038 4194 1158 4264 lyricum
1182 4211 1268 4266 genus
1288 4196 1436 4252 colendum

264 4283 368 4340 idonea
384 4284 471 4340 luisse
489 4283 742 4340 Alexandrinorum
760 4284 883 4356 ingonia,
901 4288 997 4340 tamen
1017 4315 1052 4324 —
1070 4286 1226 4340 commotus
1245 4303 1345 4357 nempe
1364 4285 1436 4342 falsa

264 4461 340 4516 aetia
358 4462 476 4520 eximiae
495 4462 654 4535 elegantiae
673 4464 817 4533 exemplar
834 4463 920 4518 luisse
939 4461 1040 4518 statuit
1057 4465 1095 4533 (p.
1116 4465 1186 4534 195).
