3186 5088
652 387 871 452 ..35-

172 548 313 632 pretatio
338 545 420 612 satis
444 545 539 629 mira,
563 546 684 611 utiam
702 546 830 611 monuit
843 544 1037 610 Rauchius
1055 569 1086 630 p.
1102 545 1131 610 5.
1139 543 1163 632 ¹)
1200 544 1253 610 An
1273 549 1347 630 apte

173 656 270 737 putas
293 653 326 720 in
351 653 480 718 exordio
505 652 641 738 elegiae,
664 674 728 736 qua
750 653 819 717 ludi
842 652 1023 736 Olympiaci
1046 651 1205 738 originem
1229 654 1346 717 tracta-

173 762 265 825 turus
288 762 386 844 poeta
409 762 471 844 est,
496 759 565 824 eius
584 759 782 824 mentionem
801 759 872 825 fieri
890 758 1046 844 hominis,
1070 759 1125 843 qui
1144 779 1216 824 cum
1235 758 1347 822 multis

173 867 309 932 saeculis
332 858 408 951 post
431 866 606 948 exstiterit,
630 865 671 928 ad
693 865 844 930 ludorum
863 866 1023 950 originem
1041 865 1133 929 nullo
1157 865 1253 931 modo
1276 887 1348 948 per·

169 975 282 1038 tineat
327 972 448 1038 Iamsi
476 977 563 1038 recte
587 970 867 1037 Schneiderum
897 971 1118 1057 fragmentum
1144 971 1227 1036 illud
1249 971 1348 1036 inter-

172 1083 336 1163 pretatum
359 1101 429 1145 esse
450 1079 518 1143 iure
536 1099 710 1164 negamus,
734 1077 833 1142 etiam
851 1077 925 1142 inde
944 1083 1093 1163 apparet,
1117 1100 1214 1162 quam
1233 1078 1350 1143 statuit

172 1187 257 1252 inter
279 1182 470 1252 Callimachi
499 1189 533 1250 et
560 1184 686 1272 Hygini
715 1186 813 1251 verba
841 1185 1088 1250 similitudinem
1118 1185 1250 1250 omnino
1278 1206 1349 1249 esse

171 1291 338 1379 nullam.²)
384 1292 483 1359 Vides
507 1293 622 1378 igitur,
645 1309 742 1376 quam
765 1292 902 1356 infirmis
926 1292 977 1357 vir
999 1292 1113 1358 doctus
1135 1293 1198 1357 hoc
1221 1311 1348 1376 quoque

173 1401 245 1466 loeo
275 1403 388 1466 utatur
414 1401 629 1486 argumentis,
663 1421 767 1484 neque
796 1423 868 1464 eum
898 1400 1067 1485 probasse,
1097 1397 1183 1483 quod
1209 1398 1350 1482 proban·

173 1507 249 1571 dum
282 1507 344 1572 sibi
376 1499 575 1592 proposuitz'
595 1505 838 1590 Preudohygini
865 1506 922 1570 illa
950 1507 1059 1591 capita
1088 1507 1169 1590 eius,
1201 1527 1282 1590 quae
1315 1503 1350 1567 in

174 1613 268 1678 aetiis
292 1613 390 1678 fuerit
409 1612 589 1695 doctrinae,
612 1633 681 1677 esse
701 1613 863 1695 reliquias.
902 1611 987 1689 Quid
1005 1611 1122 1697 plura?
1146 1611 1279 1677 Etenim
1297 1610 1350 1675 fac

172 1723 258 1783 recte
290 1719 372 1783 illud
403 1719 623 1805 fragmentum
656 1719 890 1803 interpretatus
919 1721 1007 1784 esset
1033 1739 1209 1802 rerumque
1239 1738 1349 1782 eorum

173 1826 319 1910 capitum
351 1827 549 1891 restituisset
582 1827 740 1905 ordinem,
771 1848 812 1890 ne
844 1829 921 1892 tuno
953 1825 1083 1911 quidem
1115 1848 1154 1890 ex
1187 1825 1281 1889 aetiis
1313 1846 1351 1888 ea

174 1931 294 1997 hausta
317 1953 387 1996 esse
411 1933 633 2016 concederem,
656 1932 810 2017 quoniam
830 1932 966 1998 eundem
985 1932 1095 1998 αἰτίων
1115 1931 1262 1997 ordinem
1284 1953 1350 1996 non

175 2039 276 2104 fuisse
305 2039 384 2103 satia
409 2039 507 2103 certis
531 2039 732 2123 argumentis
756 2038 994 2104 demonstrasse
1017 2039 1098 2103 mihi
1120 2039 1242 2104 videor.

266 2215 292 2282 1)
311 2213 404 2268 Verba
422 2211 481 2267 eius
500 2214 577 2267 sunt:
599 2213 802 2269 ‘Kallimachus
821 2213 900 2269 httte
915 2213 1053 2269 demnach
1072 2214 1118 2268 die
1133 2214 1207 2284 Sage
1225 2229 1280 2267 von
1299 2211 1350 2266 der

175 2301 330 2374 Grdndung
352 2303 402 2357 der
425 2301 577 2380 Olympiam
596 2301 685 2356 durch
703 2301 839 2357 Herakles
857 2301 910 2358 mit
928 2302 977 2357 der
995 2320 1050 2359 von
1068 2302 1144 2357 ihrer
1168 2301 1350 2371 Emeuerung

177 2391 267 2446 durch
285 2390 394 2460 Iphitos
413 2391 582 2462 begonnen'.
1319 2395 1321 2400 ’

266 2481 294 2548 2)
314 2480 391 2546 Quae
411 2497 474 2534 cum
492 2480 535 2534 ita
554 2479 619 2549 sint,
637 2481 679 2536 nil
697 2497 742 2535 me
761 2480 924 2548 morabitur,
944 2497 1016 2550 quae
1034 2481 1183 2537 intercedit
1201 2479 1274 2534 iuter
1292 2479 1349 2548 Hy·

175 2567 236 2637 gini
253 2566 385 2622 ludorum
404 2569 643 2624 enumerationem
657 2569 687 2623 et
701 2585 773 2636 eam,
787 2586 873 2637 quam
886 2568 916 2622 in
930 2568 1046 2624 Aristot.
1061 2569 1146 2639 peplo
1159 2567 1247 2622 fuisse
1262 2566 1350 2622 schol.

176 2657 213 2712 ad
231 2655 344 2712 hristid.
364 2676 392 2727 p.
407 2662 459 2711 823
474 2657 557 2713 Dind.
575 2656 702 2725 tradidit,
721 2656 885 2714 similitudo.
913 2657 987 2712 Nam
1000 2657 1069 2713 licet
1081 2657 1203 2728 pendeat
1216 2654 1352 2724 quddam·

176 2745 260 2801 modo
279 2745 406 2816 Hyginus
425 2747 461 2802 ab
480 2745 640 2814 Aristotele,
660 2747 863 2802 Callimachum
886 2763 950 2802 eum
974 2763 1046 2815 esse,
1070 2764 1160 2816 aquo
1182 2745 1264 2800 illam
1287 2744 1349 2800 Ari-

177 2835 287 2889 stotelis
305 2835 461 2891 doctrinam
480 2835 654 2907 repetiverit,
673 2853 690 2891 a
708 2834 919 2891 Schneidero
944 2854 1001 2890 non
1020 2835 1111 2890 solum
1124 2835 1353 2904 conprobatum,

178 2923 228 2979 sed
247 2923 272 2978 ai
289 2923 359 2978 meis
378 2923 447 2978 fides
466 2924 601 2979 habenda
619 2923 800 2994 argumentis,
818 2941 931 2994 prorsus
950 2927 995 2980 est
1011 2923 1183 2979 incredibile.
