3186 5088
718 307 911 372 ..6..

231 488 373 533 amorem
405 466 618 532 incendantur
645 465 801 550 (Harum
833 467 924 532 nulla
952 468 1035 532 solet
1061 467 1222 532 rationem
1250 489 1403 552 quaerere

231 574 354 657 mundi,
376 571 445 639 Nec
468 595 525 638 cur
547 572 698 638 fraternis
714 573 805 638 Luna
829 575 956 638 laboret
979 574 1084 658 equis,
1106 571 1174 638 Neo
1194 574 1220 638 si
1239 576 1315 657 post
1330 572 1402 658 Sty-

231 681 301 767 gias
325 680 447 765 aliquid
470 681 666 746 testabimus
688 681 806 764 undas,
829 679 898 746 Neo
921 681 949 746 si
973 682 1122 746 consulto
1145 679 1282 744 fulmina
1304 680 1404 745 missa

230 789 354 851 tonent.
399 785 518 870 Aspice
546 807 598 850 me
622 835 629 850 .
653 835 660 850 .
684 835 721 851 ..
758 784 805 850 Ut
836 807 969 871 regnem
995 786 1118 872 >mint-as
1150 786 1236 850 inter
1269 786 1405 851 conviva

231 889 399 979 puellas').
444 891 561 958 Ultimi
592 891 753 956 enuntiati
780 893 976 958 seutentiam
1004 893 1151 958 versibus
1180 892 1281 958 edidit
1307 896 1404 978 poeta

231 1001 320 1067 hisce
344 998 399 1085 (31
412 999 487 1086 sq.):
1194 1004 1198 1014 '

392 1105 441 1170 Tu
465 1106 567 1171 satius
591 1105 694 1170 Musis
718 1127 892 1172 memorem
915 1107 1043 1173 imitere
1066 1106 1227 1172 Philetam

435 1211 481 1276 Et
502 1234 568 1277 non
591 1211 696 1276 inflati
720 1212 852 1282 somnia,
868 1211 1101 1298 callimachi.1)

232 1320 388 1404 Iosephus
413 1317 589 1404 Scaliger
614 1319 662 1383 ita
684 1320 792 1384 locum
814 1319 1046 1404 interpretatus
1069 1324 1128 1407 est,
1150 1323 1187 1385 ut
1210 1319 1405 1404 particulam

232 1426 320 1492 ‘non'
345 1426 385 1490 ad
409 1425 543 1492 verbum
567 1425 718 1491 ‘imitere'
740 1425 942 1491 referendam
970 1424 1154 1511 censerem)
1202 1426 1324 1492 Contra
1352 1427 1407 1510 qui

232 1536 348 1619 postea
366 1533 405 1598 de
428 1515 469 1598 eo⁸
490 1533 562 1599 loco
586 1533 780 1598 sententiam
803 1533 958 1617 tulerunt,
980 1533 1071 1598 velut
1087 1531 1406 1620 Hertzbergius³)

233 1644 266 1706 et
289 1642 358 1725 ipse
378 1638 653 1724 Schneiderus,
678 1639 718 1704 ad
741 1662 852 1705 vocem
872 1637 999 1704 ‘inflati'
1022 1641 1230 1724 negationem
1253 1641 1407 1707 referunt.

232 1745 378 1832 Fingunt
401 1745 503 1831 igitur
524 1749 657 1830 poetam
677 1747 865 1812 suadentem
883 1745 1026 1831 Lynceo,
1048 1749 1085 1810 ut
1104 1746 1184 1812 talia
1203 1748 1322 1812 condat
1340 1770 1408 1813 car·
1513 1809 1516 1818 .
1566 1723 1567 1737 ἵ

232 1852 335 1935 mina,
358 1850 467 1937 qualia
490 1853 524 1916 in
547 1852 661 1918 Αἰτίων
684 1851 778 1916 libris
803 1889 845 1898 —
867 1874 944 1916 nam
969 1852 998 1917 ei
1021 1874 1099 1918 voce
1123 1852 1281 1919 ‘somnia’
1306 1855 1406 1940 signi-

232 1955 406 2044 ficantur4)
431 1995 471 2004 -
497 1956 716 2022 Callimachus
741 1957 886 2023 ediderit.
930 1957 1038 2043 Atque
1061 1960 1109 2025 ita
1133 1959 1161 2024 si
1183 1982 1297 2026 revera
1319 1962 1407 2026 locus

234 2065 470 2150 intellegendus
494 2069 592 2146 esset,
621 2063 858 2130 concedendum
881 2086 951 2130 esse
974 2065 1139 2131 videretur
1168 2067 1264 2132 etiam
1292 2067 1408 2132 ceteris

234 2173 328 2258 locis,
352 2172 469 2257 quibus
492 2175 589 2255 poeta
613 2169 849 2237 Callimachum
872 2172 1023 2237 laudibus
1047 2173 1151 2256 effert,
1180 2173 1266 2238 aetia
1289 2172 1409 2258 signifi·

235 2279 301 2344 cari
334 2282 431 2362 atque
463 2279 535 2362 ipsa
569 2301 607 2343 ea
638 2279 672 2342 in
705 2300 803 2343 causa
829 2278 944 2362 fuisse,
976 2301 1032 2343 cur
1061 2279 1203 2364 elegiaco
1231 2279 1266 2344 in
1293 2300 1409 2364 genere

234 2386 386 2470 princeps
403 2382 589 2469 Cyrenaeus
608 2385 793 2451 haberetur.
826 2383 872 2449 At
890 2385 1040 2451 videntur
1058 2386 1120 2449 viri
1140 2385 1226 2451 docti
1244 2407 1310 2451 non
1329 2387 1408 2452 satis

234 2492 431 2575 respexisse,
455 2499 550 2576 quem
575 2491 614 2555 ad
637 2490 735 2555 finem
754 2491 943 2575 Propertius
961 2490 1127 2576 Lynceum
1151 2493 1212 2577 eis,
1236 2515 1318 2577 quae
1341 2493 1408 2558 illis

235 2599 381 2665 versibus
412 2598 634 2682 continentur,
666 2598 856 2664 adhortatus
889 2598 940 2663 sit.
986 2598 1146 2664 Videntur
1176 2601 1329 2665 nimirum
1361 2601 1409 2665 ita
1462 2648 1463 2652 ,
1489 2615 1492 2620 '

235 2708 343 2772 locum
382 2705 601 2790 intellexisse,
635 2709 672 2770 ut
707 2709 839 2789 poetam
878 2703 968 2770 Αἵτια
1007 2706 1118 2788 potius
1161 2694 1273 2771 solacii
1314 2729 1410 2772 causa

235 2812 372 2898 legenda
400 2834 497 2897 quam
525 2813 645 2877 amoris
678 2811 836 2876 incitandi
865 2832 962 2875 causa
994 2811 1153 2878 imitanda
1184 2811 1409 2877 commendare

236 2923 397 3004 putarent.
438 2919 540 2985 Velut
562 2917 848 3004 Hertzbergius
872 2919 971 2986 uerba
993 2918 1073 2984 facit
1095 2919 1189 2984 haec:
1214 2918 1326 2985 ‘Vides
1350 2920 1411 3004 igi-

328 3097 354 3166 1)
372 3095 450 3149 Haec
463 3094 548 3149 lectio
564 3084 735 3164 optimorum
749 3092 891 3160 oodicnm3
909 3093 1010 3163 inqua
1024 3094 1144 3148 maxime
1159 3091 1276 3148 offendit
1294 3094 1410 3149 ‘memo-

236 3184 320 3252 rem',
339 3185 414 3253 quod
438 3199 471 3238 ex
494 3182 612 3238 metrica
635 3183 744 3238 ratione
767 3181 834 3237 ferri
857 3182 970 3238 omnino
993 3199 1050 3237 non
1072 3183 1173 3251 potest.
1210 3183 1309 3252 Itaque
1333 3182 1411 3239 vario

236 3275 314 3330 locus
332 3290 350 3328 a
373 3273 440 3329 viris
464 3272 555 3328 doctis
578 3273 709 3340 vexatus,
732 3289 851 3340 quorum
874 3272 1097 3326 coniecturarum
1119 3266 1199 3326 nulla
1221 3272 1323 3341 placet.
1360 3271 1412 3326 Mi·

237 3363 311 3418 nime
329 3361 543 3430 Baehrensii,
562 3360 611 3430 qui
630 3360 807 3415 scribendum
827 3361 946 3416 censuit:

430 3451 485 3504 ‘Tu
502 3449 636 3519 gravibus
656 3448 744 3504 Musis
762 3448 906 3505 meliorem
925 3450 1034 3505 imitere
1052 3448 1217 3504 Philetam’.

237 3539 327 3596 Multo
348 3537 455 3606 melius,
474 3537 682 3608 quodquidam
701 3537 737 3592 ad
756 3554 866 3592 sensum
885 3536 997 3604 attinet,
1016 3537 1185 3593 Sentenus
1203 3538 1335 3594 coniecit:
1357 3539 1412 3593 ‘Tu
1434 3535 1437 3546 ’

238 3629 325 3685 satius
339 3627 448 3683 Musam
463 3629 586 3683 leviorem
604 3626 714 3683 imitere
728 3625 896 3695 Philetam';
916 3642 988 3695 quas
1001 3627 1097 3681 tamen
1111 3625 1272 3683 coniectura
1285 3626 1411 3695 nimium,

237 3717 357 3786 videtur,
376 3734 394 3772 a
412 3716 518 3771 tradita
537 3715 675 3785 scriptura
694 3714 795 3772 differt.

328 3807 356 3875 2)
377 3805 481 3861 Catulli
500 3805 561 3861 Tib.
580 3806 661 3874 Prop.
680 3822 754 3860 nova
774 3805 859 3861 editio
880 3811 949 3860 1600
968 3822 995 3874 p.
1014 3811 1080 3861 233:
1102 3806 1169 3862 ‘non
1188 3804 1281 3861 inflati
1304 3807 1412 3862 somnia

240 3894 416 3951 Callimachi’
437 3895 508 3949 haec
526 3894 609 3949 aliter
626 3893 731 3964 accipit
747 3895 849 3965 volgus
868 3911 901 3950 ac
920 3893 1010 3949 voluit
1028 3895 1199 3964 Propertius.
1235 3895 1293 3966 Ipsi
1311 3897 1413 3965 putant

239 4002 257 4040 a
274 3983 421 4054 Propertio
439 3983 485 4038 hio
504 3983 707 4038 Callimachum
725 3983 843 4050 laudari,
864 3984 940 4052 quod
959 4000 1022 4038 eum
1040 4000 1096 4039 non
1113 3983 1242 4039 inflatum
1260 3985 1411 4040 vocaverit.

239 4073 300 4143 Ego
319 4073 416 4128 contra
433 4071 562 4126 inflatum
581 4088 643 4126 aum
667 4071 763 4128 vocari
786 4071 831 4127 aio
855 4088 888 4127 ac
911 4074 1060 4142 propterea
1084 4088 1140 4126 non
1162 4073 1272 4127 laudari
1293 4114 1343 4129 ...
1364 4072 1414 4128 Ait

239 4160 338 4234 igitur:
363 4160 407 4216 'Pu
434 4160 534 4215 melius
556 4159 669 4229 feceris,
693 4159 717 4215 si
735 4160 862 4218 Philetas
885 4177 995 4217 amores
1022 4176 1107 4230 quam
1135 4161 1159 4216 si
1186 4160 1413 4218 obscurissimum

241 4249 407 4305 Callimachi
425 4249 502 4304 aetia
519 4247 645 4304 imiteris.

330 4341 357 4410 3)
377 4338 490 4406 Quaest.
509 4338 591 4408 Prcp.
610 4338 637 4392 Il
655 4354 677 4394 o.
699 4338 751 4393 VH
769 4356 796 4409 p.
818 4344 876 4394 195.

330 4429 358 4497 4)
377 4427 492 4482 Anthol.
510 4425 569 4482 Pal.
589 4426 707 4495 v114a;
727 4427 791 4482 vide
810 4427 884 4483 infra
902 4445 929 4497 p.
949 4433 973 4484 ⁷.
