3186 5088
754 362 969 430 ..13-

277 525 416 604 παραθεῖ
434 524 492 589 τὸν
507 523 675 590 Τάνταλον
693 526 744 590 καί
762 526 820 590 τὸν
836 524 946 592 Ἰξίονα
965 527 1015 590 καί
1029 525 1145 591 Τιτυὸν
1164 527 1215 589 καί
1230 528 1306 592 τοὺε
1320 523 1444 593 ἄλλους.

276 629 304 695 εἰ
327 631 363 694 δὲ
377 633 557 710 Παρθένιοε
575 634 594 712 ἢ
614 632 783 712 Εὐφορίων
801 634 821 712 ἢ
838 633 1036 713 Καλλίμαχοι
1060 632 1166 712 ἔλεγε,
1189 633 1300 698 πότοι(
1324 633 1363 698 ἂν
1387 633 1446 699 οἴει

276 736 363 802 ἔπετι
385 739 424 802 τὸ
447 738 534 819 ὕδωρ
558 737 630 818 ἄχρι
649 741 730 819 πρὸ(
753 741 791 804 τὸ
816 743 924 818 χεῖλοε
946 745 1005 804 τοῦ
1027 741 1195 806 Ταντάλου
1219 741 1340 820 ἤγαγεν
1347 761 1354 816 ;
1379 739 1446 805 εἶτα

275 843 386 908 πότοι(
409 844 449 909 ἂν
472 843 582 912 Ἰξίονα
605 845 778 922 ἐκύλιτεν;’
807 844 907 911 Vides
936 846 1035 911 etiam
1062 847 1124 912 hou
1146 846 1283 912 Luciani
1306 846 1377 911 loco
1400 846 1445 911 ni-

275 951 375 1015 miam
407 950 498 1016 illam
529 953 708 1038 vituperari
738 953 894 1017 narrandi
922 957 954 1017 ct
982 953 1185 1019 describendi
1217 954 1399 1019 ubertatem
1408 951 1447 1039 ¹);

275 1057 371 1141 idque
394 1062 480 1122 recte
503 1059 568 1124 iam
591 1059 756 1143 perspexit
773 1057 808 1124 C.
824 1058 873 1125 Fr.
888 1058 1142 1145 Hermannus,
1164 1061 1219 1144 qui
1237 1063 1275 1124 ut
1293 1060 1447 1124 refutaret

274 1165 420 1230 virorum
439 1166 607 1230 doctorum
628 1166 666 1230 de
681 1165 814 1231 Luciani
832 1165 951 1230 iudicio
972 1167 1153 1250 scrupulos,
1172 1166 1213 1230 ad
1229 1167 1322 1230 illum
1340 1166 1446 1230 locum

275 1271 451 1355 adscripsit
474 1270 519 1358 (p.
542 1272 637 1359 336):
673 1272 743 1357 „At
769 1273 887 1356 fateor,
914 1272 1023 1337 brevis
1051 1272 1239 1358 plerumque
1264 1273 1328 1337 fuit
1350 1271 1448 1337 Celli-

274 1377 422 1463 machus3
453 1379 509 1442 scd
537 1401 619 1463 quae
647 1378 777 1443 tandem
805 1378 884 1443 haec
908 1383 958 1444 est
981 1379 1145 1444 brevitas?
1182 1377 1296 1445 Brevis
1320 1378 1447 1444 eratin

275 1485 398 1569 verbis,
416 1484 450 1548 iu
469 1486 648 1549 carminum
667 1485 863 1570 extensione,
881 1486 915 1549 in
933 1485 1134 1550 voluminum
1154 1486 1291 1569 ambitu3
1315 1486 1444 1552 brevem

273 1591 376 1655 fuisse
408 1591 444 1656 in
477 1592 659 1675 sententiis,
693 1614 774 1676 quae
806 1590 941 1656 Luciani
973 1613 1063 1656 mens
1096 1595 1162 1676 est,
1195 1593 1306 1676 paucis
1339 1594 1445 1658 verbis

274 1697 393 1762 dixisse
412 1697 565 1782 multum,
588 1698 700 1763 m'ultis
723 1720 789 1764 non
811 1699 1002 1783 plusquam
1023 1721 1104 1782 opus
1124 1702 1223 1782 esset,
1246 1720 1305 1764 nec
1324 1721 1343 1763 a
1362 1703 1446 1766 vete·

275 1802 364 1868 ribus
389 1804 564 1869 memoriae
586 1805 751 1889 proditum
775 1808 838 1888 est,
860 1826 921 1870 nec
944 1805 1088 1869 carmina
1110 1804 1221 1889 ipsius,
1244 1804 1341 1869 hodie
1366 1828 1445 1890 quae

276 1913 421 1995 exstant,
443 1911 637 1976 testantur“.

297 2025 301 2032 '
363 2016 474 2082 Tertio
493 2018 564 2083 loco
579 2018 803 2084 testimouium
818 2018 971 2083 afferatur
985 2018 1093 2084 Procli
1107 2015 1294 2105 (comment.
1310 2021 1352 2085 ad
1365 2020 1447 2086 Plat.

275 2122 358 2188 Tim.
381 2121 397 2186 Ι
420 2146 451 2207 p.
474 2124 517 2188 28
532 2120 565 2210 c)
588 2122 675 2188 haud
698 2145 770 2188 meo
794 2123 921 2208 quidem
945 2124 1063 2188 iudicio
1088 2126 1316 2210 spernendum:
1353 2127 1447 2206 Ἡρα-

275 2229 399 2309 κλείδη(
422 2235 503 2308 γοῦν
527 2230 545 2294 ὁ
569 2230 728 2296 Πάντικόε
755 2251 850 2311 φηειν
878 2229 928 2295 ὅτι
955 2235 1022 2296 τῶν
1047 2231 1195 2310 Χοιρίλον
1223 2231 1296 2296 τότε
1325 2233 1445 2296 εὐδοκι-

274 2337 423 2414 μούντων
440 2335 582 2401 Πλάτων
605 2337 645 2401 τὰ
659 2336 848 2417 Ἀντιμάχου
866 2336 1058 2417 προυτίμητε
1077 2338 1129 2402 καί
1147 2337 1247 2402 αὐτὸν
1266 2337 1367 2403 ἔπειτε
1385 2339 1446 2402 τὸν

273 2443 482 2522 Ἡρακλείδην
510 2444 555 2507 εἰε
585 2445 766 2523 Κολοφῶνα
794 2444 932 2509 ἐλθόντα
958 2444 998 2508 τὰ
1025 2445 1186 2524 ποιήματα
1214 2446 1356 2510 ευλλέξαι
1385 2448 1448 2508 τοῦ

274 2548 401 2628 ἀνδρότ.
430 2548 531 2629 μάτην
555 2550 614 2615 οὖν
637 2553 842 2630 φληναφοῦει
864 2550 1062 2631 Καλλίμαχοι
1085 2551 1136 2613 καὶ
1150 2551 1271 2629 Δοῦρις
1294 2549 1339 2613 ὼε
1357 2550 1447 2615 Πλά-

273 2675 377 2720 τωνα(
400 2656 459 2720 οὐκ
487 2654 582 2724 ὄντοε
609 2657 721 2723 ἱκανοῦ
743 2658 861 2736 κρίνειν
884 2657 1026 2735 ποιητάτ.
1072 2654 1158 2720 Nam
1181 2655 1209 2720 si
1231 2656 1318 2720 idem
1342 2660 1449 2740 pocta,

274 2761 364 2826 cuius
392 2760 503 2846 Lyden
524 2760 707 2845 Cyrenaeus
731 2766 768 2826 ut
796 2764 883 2841 παχὺ
906 2762 1034 2842 γράμμα
1057 2764 1107 2827 καί
1130 2762 1170 2826 οὐ
1191 2761 1290 2840 τοράν
1314 2763 1445 2849 respuit,

274 2869 310 2932 in
334 2869 456 2933 deliciis
479 2869 544 2933 fuit
566 2868 709 2953 Platoni,
739 2890 835 2953 quam
858 2869 962 2933 fuisse
979 2873 1076 2952 putas
1100 2869 1168 2934 eius
1192 2869 1361 2948 παχύτητα
1383 2869 1447 2933 nisi

274 2974 454 3039 modestam
484 2974 647 3059 quandam
675 2975 933 3059 simplicitatem,
963 2996 1045 3060 quae
1069 2974 1213 3040 animia
1239 2974 1297 3038 illa
1320 2975 1449 3040 dicandi

273 3081 424 3146 ubertate
447 3079 694 3168 abhorrercttl)
739 3071 855 3167 Itaque
878 3104 917 3147 ex
939 3081 999 3146 hoc
1021 3102 1149 3166 quoque
1176 3081 1247 3145 loco
1271 3081 1309 3146 de
1332 3080 1448 3146 inflata

273 3188 376 3272 ipsius
401 3187 593 3255 Callimachi
617 3191 800 3256 elocutione
823 3189 1012 3254 concludere
1033 3189 1120 3253 licet.

364 3420 389 3488 1)
408 3420 505 3488 Itaque
525 3434 621 3474 conum
634 3418 758 3474 virorum
772 3418 927 3488 doctorum,
942 3417 991 3486 qui
1009 3416 1059 3472 illo
1073 3415 1213 3486 Propertii
1231 3416 1293 3471 loco
1315 3415 1381 3471 ‘non
1397 3414 1440 3468 in-

273 3506 387 3562 flatum’
412 3506 468 3562 dici
492 3505 696 3563 Callimachum
719 3507 883 3576 censebant,
905 3505 935 3558 in
959 3504 1014 3559 hoc
1036 3502 1153 3558 Luciaui
1174 3504 1237 3559 loco
1260 3503 1453 3560 offenderunt.-

273 3597 411 3652 Mirantur
429 3595 512 3663 enim,
531 3595 580 3664 qui
598 3595 669 3651 adeo
687 3595 759 3650 inter
778 3612 807 3649 se
825 3592 973 3648 dissentire
991 3591 1100 3662 possint
1122 3590 1260 3648 Lucienus
1279 3594 1363 3662 atque
1376 3591 1447 3646 Pro·

273 3686 393 3756 pertius;
414 3703 470 3754 qua
488 3701 518 3740 re
536 3684 720 3739 Piersonus
742 3681 962 3738 ‘Antimachum’
978 3698 1029 3752 pro
1045 3680 1218 3736 Callimacho
1232 3681 1331 3750 reponi
1345 3680 1448 3737 voluit.

259 3774 329 3830 -Scd
348 3791 404 3829 non
424 3791 493 3844 opus
518 3773 561 3828 est
584 3773 756 3840 coniectura,
781 3789 845 3826 cum
868 3771 892 3826 si
915 3769 1132 3842 Scaligerum
1156 3769 1246 3826 secuti
1268 3769 1356 3824 etiam
1377 3769 1448 3824 Pro-

272 3862 393 3934 pertium
412 3864 571 3932 vituperare
599 3860 804 3916 Callimachum
828 3859 988 3928 statuimus,
1013 3859 1188 3931 gratissimus
1210 3859 1354 3928 utriusque
1377 3857 1448 3913 scri-

273 3953 362 4022 ptoris
382 3967 530 4007 consensus
549 3950 669 4006 eveniat.

362 4041 390 4110 2)
408 4038 507 4109 Neque
526 4040 601 4108 quod
620 4039 746 4094 Catullus
765 4037 889 4094 carmine
908 4043 942 4092 95
958 4037 1119 4093 ‘tumidum’
1140 4037 1210 4092 dicit
1232 4036 1447 4105 Antimachum,

273 4147 336 4186 meo
355 4130 390 4185 de
409 4146 443 4185 eo
461 4132 547 4199 poeta
564 4128 670 4185 iudicio
689 4127 898 4184 contradicere
917 4127 1082 4198 putsverim.
1111 4127 1238 4197 Apparet
1256 4125 1329 4181 enim
1348 4141 1382 4180 ex
1401 4140 1447 4192 eo,

273 4236 357 4290 quem
375 4219 492 4290 praebet
511 4217 688 4288 poemation‚
707 4218 910 4273 sententiarum
932 4235 1019 4283 nexu,
1043 4214 1147 4285 opponi
1165 4212 1182 4270 a
1200 4213 1310 4270 Catullo
1331 4213 1443 4284 ‘parva'

274 4308 399 4363 earmina
416 4307 466 4375 eis,
485 4325 557 4376 quae
575 4307 684 4380 ingenti
702 4325 832 4363 versuum
845 4323 961 4362 numero
976 4303 1057 4374 quasi
1077 4304 1219 4359 ‘tument'.
1255 4302 1343 4358 Velut
1360 4301 1445 4357 initio

272 4398 359 4452 verba
372 4398 438 4452 sunt
450 4397 533 4452 haec:
550 4397 681 4467 ‘Zmyrna
689 4396 745 4451 mci
755 4395 859 4450 Cinnae
870 4411 973 4449 nonam
986 4393 1051 4463 post
1064 4392 1183 4462 denique
1196 4409 1315 4448 messem
1332 4396 1336 4462 Ι
1353 4392 1445 4457 Quam

273 4488 375 4556 coapta
393 4486 437 4542 est
454 4503 611 4554 nonamque
630 4485 706 4540 edita
723 4484 789 4555 post
810 4483 945 4552 hiemem,
966 4482 1053 4536 Milia
1076 4498 1139 4536 cum
1162 4481 1270 4536 interea
1293 4481 1446 4551 ραίαμααία
