3186 5088
725 351 942 417 „26-

246 515 329 580 liber
361 512 542 580 secundus'.
578 511 666 578 Dicit
693 511 778 577 ‘sine
805 510 940 594 dubio'3
973 509 1028 576 sed
1056 489 1212 595 quantum
1241 509 1348 594 abest,
1380 510 1418 573 ut

247 621 458 688 dubitationis
485 619 595 684 nullus
625 619 679 686 hic
705 620 795 684 locus
820 617 874 682 sitl
916 618 970 682 An
996 618 1104 682 nullus
1135 617 1254 682 nullius
1278 616 1417 702 cogitari

248 730 358 813 potest
384 726 535 792 carminis
564 728 667 809 locus,
696 748 759 811 quo
787 725 1007 810 fragmentum
1034 724 1067 789 id
1095 723 1192 807 plane
1215 722 1327 788 eodem
1348 723 1417 788 iure

128 915 131 922 Ι
249 834 409 899 referatur
432 836 527 915 atque
551 833 591 897 ad
614 832 695 897 illud
719 831 757 896 de
779 832 906 897 Iasonis
930 854 946 896 e
970 829 1123 897 Colchide
1151 830 1258 895 reditu
1281 851 1417 915 carmen,

248 940 335 1023 quod
350 961 427 1004 sane
441 938 610 1022 scripsisse
625 936 859 1003 Callimachum
874 938 971 1002 etiam
986 938 1067 1004 mihi
1081 953 1271 1023 persuasum
1286 939 1344 1001 est.
1367 935 1417 1000 Ne

247 1045 281 1109 id
305 1043 433 1130 quidem
453 1044 614 1109 affirmare
636 1043 713 1110 licet
736 1066 773 1109 eo
798 1045 939 1110 carmine
957 1066 1087 1110 necesse
1107 1067 1175 1110 esse
1194 1046 1292 1127 poeta
1305 1043 1418 1108 Phrixi

248 1155 281 1216 et
303 1150 415 1216 Helles
437 1151 551 1237 fugam
575 1154 754 1236 ceteraque,
778 1173 816 1216 eo
839 1173 921 1236 quae
944 1152 1121 1236 pertinent,
1149 1152 1199 1218 vel
1226 1172 1290 1216 uno
1318 1151 1417 1216 verbo

248 1256 405 1343 attigerit
436 1257 509 1342 Ipse
534 1257 620 1322 enim
642 1260 740 1342 poeta
763 1279 835 1322 cum
858 1258 944 1322 dicet
970 1258 1044 1323 inde
1068 1282 1102 1324 se
1125 1259 1328 1343 incepturum
1348 1279 1417 1322 esse

248 1385 377 1448 poema,
404 1386 469 1449 quo
495 1367 643 1448 tempore
670 1363 880 1450 Argonautae
912 1365 980 1429 iam
1007 1365 1047 1430 ad
1074 1365 1214 1429 reditum
1242 1385 1276 1429 se
1304 1367 1417 1429 contu-

247 1470 358 1554 lerint,
380 1491 485 1535 nonne
514 1492 574 1554 par
601 1473 671 1535 erat
699 1493 751 1554 ea,
779 1493 861 1555 quae
888 1473 980 1536 tanto
1008 1471 1165 1556 temporis
1193 1471 1302 1556 spatio
1330 1473 1416 1535 ante·

248 1579 425 1662 cesserant,
452 1576 548 1661 plane
581 1577 752 1642 omittere?
794 1577 916 1642 Tamen
946 1577 1032 1643 ‘sine
1056 1576 1169 1643 dubio’
1198 1576 1277 1642 dicit
1302 1576 1417 1641 inille

246 1684 466 1770 fragmentum
491 1683 633 1748 carmine
658 1683 774 1749 sedem'
788 1684 950 1750 habuisse.
987 1684 1059 1761 Qua
1082 1685 1120 1749 de
1144 1707 1179 1750 re
1207 1682 1419 1765 Heckerus,
1446 1759 1447 1764 γ
1565 1765 1566 1770 ¹

248 1790 428 1856 acutissimi
450 1790 501 1854 vir
523 1789 658 1874 ingenii,
682 1791 737 1875 qui
759 1790 922 1874 peculiare
951 1791 989 1855 de
1019 1791 1284 1877 Argonautarum
1312 1788 1418 1854 reditu

246 1919 376 1963 carmen
408 1896 584 1962 confecisse
613 1894 850 1962 Callimachum
882 1897 1007 1982 primus
1040 1898 1218 1977 intellexit,
1249 1920 1317 1964 non
1346 1897 1417 1962 dico

248 2003 425 2087 dubitavit,
448 2004 566 2068 sedne
591 2002 749 2088 cogitavit
771 2003 910 2088 quidem.
919 2002 946 2092 1)

336 2109 450 2194 Neque
482 2108 516 2173 id
548 2108 673 2173 mirum.
719 2108 806 2174 Nam
842 2115 986 2195 reputes,
1019 2111 1158 2195 probata
1193 2107 1419 2174 Schneideri

247 2217 409 2283 sententia
431 2237 526 2300 quam
550 2216 674 2281 absona
695 2217 832 2301 prodeat
860 2217 990 2282 secundi
1018 2218 1176 2282 aetiorum
1204 2216 1281 2280 libri
1303 2217 1417 2282 forma

248 2322 376 2408 Notus,
403 2323 451 2388 ait
477 2323 528 2387 vir
555 2322 683 2407 doctus,
712 2324 870 2388 aetiorum
901 2324 984 2388 liber
1016 2323 1174 2389 secundus
1199 2324 1323 2389 dicatus
1346 2327 1415 2388 erat

248 2429 448 2516 Argonautis
477 2429 684 2494 redeuntibus
709 2429 904 2514 Colchisque
934 2453 989 2497 eos
1017 2429 1246 2516 quaerentibus
1275 2432 1316 2495 ad
1338 2431 1417 2496 ulci-

248 2537 414 2622 scendum,
437 2537 489 2602 eui
513 2540 704 2622 argumento
728 2539 885 2622 tanquam
906 2538 1082 2604 subtemini
1105 2537 1200 2603 alicui
1223 2559 1306 2602 more
1325 2537 1418 2604 Colle

246 2642 350 2708 madri
377 2642 503 2727 aliquot
530 2642 708 2726 elegiarum
736 2647 929 2728 argumenta
962 2644 1159 2722 αἰτιολογικά
1187 2645 1318 2728 copiose
1345 2667 1418 2711 nar-

247 2753 320 2814 rata
342 2749 518 2816 intertexta
540 2750 672 2813 fuerunt
690 2746 784 2834 (Call.
798 2747 845 2832 II,
868 2771 898 2833 p.
914 2746 993 2836 80)'.
1032 2749 1077 2814 At
1098 2749 1164 2813 tale
1188 2751 1264 2834 quid
1283 2756 1320 2815 ut
1338 2752 1420 2817 mihi

246 2856 488 2940 persuadeatur,
502 2856 657 2920 validiore
672 2876 754 2939 opus
769 2857 819 2918 est
834 2859 1035 2939 argumento,
1051 2876 1148 2939 quam
1159 2877 1241 2939 quae
1256 2854 1419 2922 Schnei-

247 2962 360 3027 derus
393 2962 431 3026 de
463 2961 639 3046 fragmenti
670 2961 728 3025 21⁸
760 2960 833 3026 sede
862 2962 943 3026 satis
970 2963 1090 3026 temere
1119 2961 1263 3026 coniecit.
1304 2961 1420 3048 Neque

247 3069 426 3154 quidquam
449 3068 490 3133 ad
513 3067 666 3134 levandas
695 3089 784 3132 meas
813 3067 1032 3132 dubitationes
1060 3068 1186 3132 confert
1213 3069 1293 3134 illud
1318 3069 1420 3135 ‘more

247 3173 459 3254 Callimachi’,
478 3174 564 3260 quod
582 3174 690 3240 verbis
709 3174 805 3238 modo
820 3173 928 3239 citatis
943 3174 1122 3258 decipiendi
1139 3175 1259 3259 potius,
1277 3181 1314 3242 ut
1332 3176 1419 3241 vide-

249 3284 315 3366 tur,
342 3303 440 3366 quam
468 3280 604 3346 docendi
634 3302 731 3345 eausa
758 3281 902 3345 inseruit.
938 3279 1023 3345 Nam
1050 3281 1210 3366 profecto,
1238 3283 1366 3349 aliunde
1391 3283 1419 3347 si

336 3495 363 3562 1)
382 3492 536 3548 Comment.
548 3490 658 3546 Callim.
669 3509 696 3562 p.
707 3497 749 3545 33.
764 3491 862 3560 Neque
877 3491 1048 3546 Rauchius
1063 3507 1097 3547 ea
1110 3491 1140 3546 in
1153 3509 1183 3546 re
1198 3510 1262 3548 cum
1277 3492 1420 3549 Schnei-

246 3584 326 3639 dero
350 3582 503 3650 consentit,
525 3579 612 3634 immo
635 3580 783 3635 Heckeri
808 3581 977 3636 sententiam
1002 3583 1112 3636 secutus
1138 3599 1172 3638 eo
1194 3583 1306 3638 tantum
1331 3584 1366 3638 ab
1385 3598 1421 3638 ea

246 3671 384 3740 discessit,
405 3672 480 3740 quod
499 3669 548 3740 qui
565 3669 641 3739 apud
660 3669 775 3724 Suidam
794 3672 835 3724 est
853 3670 952 3725 titulus
972 3671 1064 3740 operis
1084 3669 1278 3727 Callimachei:
1304 3673 1422 3740 Ἀργοῦ(

247 3761 371 3829 cicatrici,
390 3778 454 3816 eum
472 3757 608 3830 peculiari
630 3758 673 3812 illi
693 3760 727 3813 de
745 3758 916 3828 Argonautis
939 3759 1057 3814 carmini
1074 3760 1241 3830 inscriptum
1259 3761 1343 3817 fuisse
1362 3762 1421 3815 sta·

245 3851 309 3906 tuit.
346 3850 424 3904 Unus
442 3866 460 3904 a
479 3847 678 3903 Schneideri
696 3847 823 3927 partibus
842 3851 916 3903 stare
929 3846 1042 3903 videtur
1059 3848 1237 3920 Bergkius‚
1256 3849 1353 3918 quiin
1371 3867 1421 3904 an·

245 3939 375 4009 tholegia
396 3937 486 4006 lyrica
508 3936 600 3993 verbis
623 3939 651 3992 ἐξ
674 3937 787 4004 ἀδήλων
816 3935 926 4002 βιβλίων
949 3938 997 4005 (sc.
1021 3936 1129 4008 uictura)
1155 3936 1280 3992 subdidit
1304 3938 1421 3992 titulum

247 4030 363 4096 Ἀργοῦε
381 4025 496 4092 οἰκιεμοί
513 4025 592 4080 uncis
611 4025 747 4094 cinctum,
766 4041 823 4093 qua
840 4025 949 4080 ratione
968 4025 1108 4096 signifieat
1127 4026 1282 4082 eius'tituli
1301 4026 1420 4082 carmini

248 4117 278 4172 in
296 4116 377 4172 aetiis
396 4132 425 4171 se
443 4115 537 4170 locum
554 4113 704 4170 vindicare.
741 4113 971 4185 Hertzbergio
991 4114 1162 4184 (zeitschrift
1174 4115 1219 4170 fiir
1233 4115 1422 4171 Alterthums-

246 4205 407 4261 wissensch.
428 4209 496 4259 184⁷
515 4222 541 4273 p.
564 4209 615 4258 134
633 4203 708 4272 adn.)
727 4205 757 4259 et
778 4203 832 4274 ipsi
854 4204 923 4276 frag.
944 4211 993 4259 21⁵
1011 4222 1074 4259 cum
1096 4204 1147 4260 illo
1166 4223 1183 4260 a
1202 4205 1339 4261 Strabone
1362 4207 1420 4261 tra·

247 4295 307 4350 dito
321 4293 492 4364 iungendum
508 4308 568 4349 esse
582 4292 704 4358 videtum
723 4295 819 4348 tamen
832 4295 944 4364 praeter
958 4311 1014 4362 eas,
1029 4310 1101 4362 quae
1116 4295 1152 4348 ab
1165 4293 1335 4365 Argonautis
1354 4311 1421 4350 con·

247 4383 323 4438 ditae
345 4383 519 4452 ferebantur,
544 4381 695 4436 multarum
723 4381 843 4436 aliarum
868 4381 978 4437 urbium
1003 4380 1124 4453 origines
1146 4383 1177 4438 in
1199 4384 1321 4440 secundo
1343 4383 1418 4440 libro

246 4473 374 4529 narratas
392 4471 478 4527 luisse
496 4472 587 4543 putat.
