3186 5088
594 399 619 450 .
669 319 795 411 ..a
844 383 886 392 -

186 529 253 572 non
288 509 337 570 est
369 506 454 590 quod
487 505 650 570 miremur.
659 504 683 591 ¹)
729 483 878 572 Eundem
916 528 992 572 vero
1027 510 1173 592 poetam,
1210 507 1360 592 quotiens
1448 591 1449 596 ἵ

186 613 329 698 puellam
347 611 476 676 Musam
498 611 654 696 habebat,
677 613 822 678 carmina
845 613 983 678 edidisse
1007 613 1148 699 eleganti
1172 618 1205 680 et
1226 617 1363 680 venusta

187 719 327 804 quadam
350 719 558 803 simplicitate
577 719 732 804 insignia,
756 741 828 784 cum
847 741 905 803 per
924 742 957 784 se
976 719 1063 784 haud
1082 721 1269 787 incredibile
1292 725 1362 786 tum

185 824 350 909 Propertii
382 823 532 890 laudibus
567 847 664 908 supra
697 824 806 889 allatis
839 828 929 889 extra
962 847 1091 890 omnem
1123 827 1362 894 dubitationem

185 931 331 1016 positum
355 928 445 1016 est.)

276 1182 302 1248 1)
322 1177 452 1234 Ceterum
470 1177 543 1248 vide,
562 1194 634 1248 quae
652 1177 942 1233 Weidenbachiue
963 1178 998 1234 de
1013 1178 1179 1234 Callimachi
1193 1180 1359 1250 elocutione,

185 1267 263 1323 aetia
291 1268 463 1337 significans,
497 1267 586 1323 edidit
612 1267 694 1324 haec:
722 1267 909 1337 „Callimachi
937 1284 1032 1323 versus
1060 1269 1179 1340 elegiaci
1206 1269 1358 1336 artificiosi,

186 1354 309 1411 contorti
326 1357 434 1426 aliquid
452 1358 569 1413 habent:
589 1357 715 1428 argutias
734 1358 859 1413 nectatur
873 1355 1041 1426 Cyrenaeus,
1059 1373 1107 1412 aec
1122 1359 1235 1428 placeat
1252 1359 1278 1414 ei
1295 1359 1359 1413 aaa·

182 1446 293 1514 pliciter
310 1447 396 1502 dictc'
417 1447 447 1516 (L
465 1447 483 1502 l.
503 1465 530 1518 p.
550 1447 603 1514 32).

274 1536 301 1605 2)
321 1535 395 1602 Quid
422 1535 497 1604 quod
519 1553 606 1589 unum
628 1535 764 1589 habemus
789 1535 918 1604 quamvis
942 1551 1000 1590 non
1025 1534 1134 1604 elegiae
1159 1534 1357 1604 fragmentum,

184 1622 261 1693 quod
279 1623 457 1693 aptissimum
470 1625 607 1679 venustae
622 1623 681 1679 eiua
695 1622 884 1696 simplicitatis
897 1624 1057 1693 exemplum
1071 1623 1214 1693 praebeat.
1248 1625 1359 1680 Μέλουε

184 1713 267 1780 enim,
287 1713 436 1781 quodiam
456 1727 540 1782 cupra
557 1731 584 1782 p.
604 1718 637 1766 15
656 1711 720 1767 adn.
739 1719 755 1766 2
775 1714 1025 1767 commemoratum
1044 1715 1094 1780 cst,
1114 1708 1145 1766 hi
1169 1713 1273 1767 servati
1291 1714 1357 1767 sunt

183 1817 294 1856 versus:
309 1805 327 1869 ἡ
341 1808 405 1856 παῖε
423 1805 440 1870 ἡ
460 1802 652 1856 κατάκλειετο(
667 1803 671 1871 Ι
687 1804 740 1869 τὴν
759 1802 787 1856 οἵ
804 1818 869 1870 <pcc
882 1803 1012 1858 τεκόντεε
1027 1804 1031 1872 Ι
1048 1801 1176 1856 εὐναίου(
1189 1802 1336 1869 ὁαριεμοὺ(
1351 1802 1355 1874 Ι

183 1891 274 1955 ἔχθειν
292 1891 351 1944 lcov
371 1890 487 1959 ὀλέθρῳ.
525 1885 614 1955 Quam'
633 1888 725 1944 facete
744 1889 814 1944 haec
833 1888 921 1944 dictat
941 1906 1026 1957 quam
1044 1891 1174 1944 venuste!
1198 1906 1284 1958 quam
1302 1906 1358 1945 non

182 1977 293 2032 inflate!
