3186 5088
734 349 965 428 -34-'

258 521 386 603 suidas,
418 523 648 589 intellexerunt
680 522 1044 612 Schneidewinus¹),
1072 523 1265 612 Iahnius²)
1298 529 1331 590 et
1362 527 1427 591 iam

256 633 353 696 antea
375 627 675 716 Ruhnkenius³),
703 631 958 716 acquiescentes,
986 636 1023 696 ut
1045 633 1184 717 videtur,
1208 633 1243 696 in
1267 655 1320 717 eo,
1344 632 1428 717 quod

255 758 272 800 e
296 735 413 801 Suidae
437 735 509 802 loco
534 758 691 820 apparere
714 737 895 803 videbatur.
936 737 1079 815 Quorum
1102 738 1296 805 sententiam
1320 742 1357 804 ut
1379 761 1428 804 re·

254 842 349 908 fellat
366 844 547 928 probetque
567 844 663 909 simul
691 843 784 909 illum
802 845 912 928 potius
926 843 1056 930 Eleum,
1075 845 1131 929 qui
1149 845 1273 930 primus
1292 845 1327 910 in
1344 845 1428 912 ludis

254 948 452 1035 Olympiacis
475 951 567 1034 vicit,
589 951 846 1037 intellegendum
868 973 951 1037 esse,
974 951 1151 1017 haecdicit
1170 950 1427 1018 Schneiderus

253 1079 283 1141 p.
307 1057 386 1123 528:
420 1057 522 1142 ‘quod
552 1057 667 1124 Suidas
699 1061 776 1142 post
809 1059 961 1140 Κόροιβο(
991 1059 1093 1139 ὄνομα
1120 1059 1231 1138 κύριον
1258 1059 1349 1124 addit
1378 1059 1429 1124 καὶ

255 1164 361 1244 μωρό(
381 1185 428 1229 τι(
447 1168 515 1246 etc,
538 1166 644 1250 ipsam
667 1166 862 1250 particulam
886 1167 1106 1252 copulativam
1135 1166 1250 1231 docere
1276 1170 1427 1250 putamus

254 1272 332 1336 olim
354 1271 408 1335 hic
426 1273 536 1356 plures
556 1271 624 1336 eius
642 1273 784 1337 nominis
802 1273 950 1338 homines
970 1276 1175 1338 enumeratos
1194 1273 1304 1356 fuisse,
1327 1295 1344 1337 e
1363 1294 1428 1356 qua

253 1379 493 1445 enumeratione
521 1377 664 1444 aSuida
693 1384 726 1444 et
752 1380 835 1444 fatui
862 1377 1020 1445 memoria
1047 1383 1176 1446 servata
1207 1380 1307 1444 fuerit
1335 1379 1427 1444 testi-

253 1485 363 1551 monio
386 1508 451 1552 non
475 1484 586 1550 addito
610 1489 643 1548 et
666 1483 857 1550 Callimachi
885 1485 1110 1551 testimonium
1140 1485 1332 1551 remanserit
1359 1485 1427 1549 sine

252 1593 383 1658 homine
417 1592 497 1658 suo'.
541 1590 654 1656 Placet
684 1593 786 1678 igitur
818 1592 1052 1658 Schneidero
1089 1592 1190 1657 fuisse
1227 1591 1313 1677 apud
1346 1613 1428 1674 eum,

253 1722 348 1784 quem
376 1698 491 1764 Suidas
522 1701 651 1764 secutus
679 1703 741 1783 est,
773 1700 873 1765 verba
900 1699 967 1764 fere
995 1699 1092 1764 haec:
1131 1698 1296 1779 Κόροιβος,
1325 1698 1428 1778 ὄνομα

253 1807 376 1886 κύριον,
398 1808 449 1872 καὶ
468 1805 574 1886 μωρόε
591 1826 639 1870 τι(
657 1843 694 1854 -
712 1807 856 1891 sequitur
875 1807 1044 1892 scriptoris
1064 1805 1231 1871 cuiusdam
1249 1827 1370 1870 nomen
1387 1841 1424 1852 -

253 1912 304 1974 καὶ
323 1909 579 1993 Ὀλυμπιονίκης,
605 1913 817 1994 Καλλίμαχοι·
840 1915 898 1978 τὸν
922 1912 1043 1991 ὄγδοον
1062 1913 1106 1977 ὥ(
1124 1934 1159 1978 τε
1181 1912 1344 1992 Κόροιβον.
1380 1910 1427 1975 At

252 2039 329 2081 num
358 2017 434 2101 quid
463 2018 596 2085 offendit
622 2020 656 2083 in
684 2020 742 2084 illo
766 2019 828 2099 καί,
860 2020 888 2084 si
915 2019 964 2084 ita
991 2020 1256 2104 interpretamur,
1284 2022 1321 2083 ut
1347 2039 1427 2102 quos

253 2123 350 2188 attuli
381 2124 470 2190 viros
503 2126 615 2192 doctos
648 2127 879 2212 interpretatos
912 2149 982 2191 esse
1015 2126 1102 2192 haud
1135 2126 1230 2191 dubie
1263 2124 1427 2190 existimo:

252 2227 381 2314 praeter
397 2232 591 2298 nobiliorem
607 2234 700 2299 illum
714 2233 963 2318 Olympionicen
976 2232 1039 2298 fuit
1053 2234 1147 2297 etium
1159 2232 1272 2297 fatuus
1288 2230 1427 2316 quidam,

253 2337 440 2402 eonomine
460 2338 515 2422 qui
533 2340 701 2423 praeditus
721 2338 812 2404 erat?
836 2337 890 2404 Sic
906 2361 983 2405 vero
1003 2340 1031 2403 si
1049 2339 1313 2423 interpretamur,
1335 2337 1426 2401 nulla

253 2445 319 2508 iarn
343 2451 526 2529 causaest,
550 2467 606 2510 cur
630 2445 763 2511 Suidam
786 2447 885 2510 etiam
907 2446 969 2511 hoc
992 2446 1062 2510 loco
1087 2443 1274 2529 ‘pecudem'
1299 2465 1332 2509 se
1355 2462 1427 2528 ges·

255 2552 336 2616 sisse
361 2555 393 2616 et
416 2549 653 2617 Callimachum
675 2551 858 2637 fragmento
882 2551 941 2616 illo
965 2551 1033 2616 eius
1056 2552 1163 2635 potius
1187 2548 1341 2635 Coroebi,
1369 2551 1426 2634 qui

131 2675 133 2680 ·
252 2658 376 2742 primus
404 2657 573 2743 Olympiae
605 2658 696 2741 vicit,
729 2681 826 2743 quam
858 2658 940 2722 fatui
970 2659 1057 2722 illius
1085 2659 1284 2723 mentionem
1307 2655 1426 2720 fecisse

254 2768 453 2830 statuamus.
482 2763 517 2830 si
541 2769 648 2830 autem
672 2765 798 2830 fatuum
821 2763 941 2828 dixisse
963 2762 1197 2830 Callimachum
1220 2761 1426 2828 verisimilius

228 2875 316 2955 est,
348 2872 414 2936 iam
442 2875 512 2936 tota
540 2872 631 2936 humi
660 2872 744 2937 iacet
772 2868 998 2936 Schneideri
1031 2869 1280 2956 argumentatio.
1326 2865 1426 2932 Cuius

252 2981 363 3042 tamen
391 3000 472 3063 quae
495 2980 622 3042 restant
649 2978 795 3062 afferam,
823 3000 863 3042 ne
890 2999 955 3042 uno
983 2981 1112 3042 tantum
1139 2976 1219 3062 pede
1247 2974 1426 3040 claudicare

253 3084 415 3150 videatur:
439 3082 658 3150 Callimachus
672 3083 811 3151 Coroebi
824 3084 913 3150 illius
927 3084 999 3149 Elei
1013 3085 1208 3149 mentionem
1226 3082 1318 3166 fecit,
1336 3080 1425 3146 nullo

254 3194 363 3257 autem
381 3193 452 3257 loco
473 3192 580 3276 aptius
596 3213 670 3256 eum
684 3213 863 3257 memorare
881 3193 1020 3276 poterat,
1038 3211 1135 3274 quam
1153 3189 1188 3253 in
1206 3189 1312 3273 primo
1327 3186 1426 3252 aetio·

252 3321 325 3362 rum
351 3299 449 3383 libro,
477 3297 603 3382 quode
630 3298 714 3363 ludis
743 3298 824 3383 egit3
856 3298 884 3363 si
907 3318 984 3362 vero
1012 3297 1053 3362 ad
1080 3296 1168 3361 hunc
1193 3295 1314 3360 librum
1340 3293 1426 3378 frag·

252 3408 396 3470 mentum
423 3403 504 3469 illud
530 3404 746 3470 revocandum
774 3406 823 3468 est
847 3440 888 3450 —
914 3424 1011 3488 quam
1039 3403 1123 3468 mira
1150 3402 1236 3466 inter
1257 3399 1424 3485 Hyginum

254 3513 286 3574 et
304 3507 539 3575 Callimachum
563 3510 756 3576 similitudo!
787 3509 876 3575 Dicit
898 3509 984 3574 enim
1007 3509 1077 3574 ille:
1101 3507 1228 3573 ‘octavo
1252 3507 1324 3571 loco
1346 3505 1425 3571 fecit

252 3615 410 3682 Hercules
434 3616 602 3702 Olympiae
632 3614 816 3702 gymnicos'
840 3613 1005 3701 (Schmidt
1026 3639 1058 3701 p.
1083 3613 1160 3702 147)
1188 3618 1283 3700 atque
1312 3613 1424 3679 eadem

251 3745 386 3806 prorsus
410 3723 536 3789 ratione
560 3723 626 3788 hic:
650 3722 723 3788 *τὸν
747 3722 868 3801 ὄγδοον
891 3722 936 3792 ὥ(
958 3743 993 3787 τε
1015 3719 1193 3801 Κόροιβον’.
1231 3721 1314 3797 Quid
1337 3721 1424 3786 enim

251 3830 459 3896 verisimilius
484 3852 582 3914 quam
605 3827 723 3894 dixisse
746 3831 876 3912 poetam
898 3829 933 3893 in
956 3829 1042 3893 hunc
1064 3828 1130 3893 fere
1154 3827 1297 3892 modum:
1321 3825 1424 3891 ‘dein-

251 3958 327 4020 ceps
347 3959 499 4003 canamus
518 3957 657 4022 agonem
675 3934 915 4020 Olympiacum,
933 3957 1028 4020 quem
1046 3935 1220 4015 Ἡρακλέης
1238 3934 1345 4014 temes
1364 3934 1423 4000 τὸν

251 4040 386 4122 ὄγδοον,
409 4043 454 4108 ὥ(
472 4066 506 4109 τε
528 4043 683 4124 Κόροιβον
707 4043 869 4108 celebrent
891 4045 928 4108 ut
949 4044 1090 4128 primum
1107 4040 1284 4108 victorem'.
1319 4040 1423 4106 Inter·

342 4309 369 4377 1)
387 4307 432 4363 Ad
449 4307 638 4382 Paroemlogr.
658 4309 671 4365 Ι
689 4330 716 4382 p.
737 4315 786 4368 101
807 4314 836 4368 et
853 4309 879 4367 ΙΙ
897 4331 924 4384 p.
943 4313 1003 4368 483.

342 4398 369 4466 2)
387 4396 482 4453 Herm.
500 4399 555 4454 vol.
574 4398 600 4453 11
617 4417 644 4470 p.
664 4405 725 4457 249.

341 4488 377 4560 3),
387 4485 477 4558 Epist.
496 4490 532 4544 ad
550 4488 658 4546 Emert
678 4509 706 4562 p.
726 4496 767 4549 17.
