3186 5088
724 363 938 428 ..12-

246 522 327 588 mihi
350 523 476 606 videor,
507 523 670 608 Propertii
697 523 837 588 carmine
867 523 900 588 ΙΙ
923 524 967 589 34
995 525 1081 589 inter
1108 547 1142 589 se
1171 523 1291 608 opponi
1321 520 1417 587 Calli-

245 630 396 695 machunr
425 633 457 695 et
479 630 642 695 Philotam
671 631 829 716 huiusque
858 632 1002 697 carmina
1030 630 1248 696 commendari
1278 629 1418 713 Lynceo,

245 737 334 802 illius
358 741 472 802 contra
489 739 571 802 aetio
589 743 625 802 ut
641 739 754 820 inflata
766 740 944 822 vituperari.
981 737 1095 822 Neque
1118 738 1151 802 id
1169 759 1221 802 me
1240 735 1417 801 ullomodo

245 848 400 928 moratur,
424 843 510 929 quod
528 843 717 930 Propertius
740 867 806 909 non
830 846 935 909 solum
954 845 1110 929 inprime
1129 845 1206 909 libri
1225 843 1255 910 V
1279 843 1418 908 carmine

248 973 375 1016 summa
399 952 558 1016 aetiorum
582 949 774 1016 Callimachi
792 951 1005 1016 admiratione
1024 955 1153 1035 captum
1174 974 1207 1016 se
1227 949 1417 1036 praebuit¹),

247 1060 303 1123 sed
327 1059 425 1123 etiam
448 1059 620 1123 nonnullas
644 1059 675 1122 in
701 1058 812 1124 eodem
835 1059 920 1124 libro
940 1059 1060 1144 elegias
1079 1058 1192 1142 edidit,
1216 1081 1297 1142 quae
1317 1059 1418 1122 mani·

245 1167 329 1230 festo
354 1165 565 1250 aetiologicae
589 1169 622 1230 et
646 1165 684 1230 ad
709 1167 873 1250 exemplar
901 1164 1192 1230 Callimacheorum
1221 1166 1417 1249 compositae

246 1269 363 1358 sunt.²)
399 1271 485 1337 Nam
509 1273 635 1338 monuit
652 1273 719 1336 iam
737 1268 1062 1358 Hertzbergius3),
1085 1271 1118 1336 id
1143 1272 1227 1356 quod
1247 1271 1418 1337 admodum

245 1379 416 1462 probabile
439 1400 509 1442 esse
534 1378 629 1462 duce,
653 1399 707 1442 eas
731 1381 806 1444 ante
830 1375 990 1460 Cynthiae
1010 1401 1154 1443 amorem
1176 1401 1247 1443 csse
1271 1380 1419 1464 scriptas,

244 1489 282 1550 ut
310 1489 477 1570 correptus
510 1486 567 1550 illo
600 1488 698 1569 poeta
724 1488 915 1570 argumenta
944 1485 1138 1570 aetiologica
1165 1486 1344 1551 deseruisse
1378 1490 1418 1566 et,

246 1615 327 1676 cum,
360 1595 481 1677 quanto
514 1593 560 1657 eis
584 1592 745 1657 amatoria
775 1595 992 1676 praestarent,
1028 1591 1257 1674 intellexisset,
1293 1595 1418 1658 mutato

244 1699 363 1765 iudicio
396 1701 448 1764 vel
475 1699 659 1783 despexisse
688 1721 725 1764 ac
754 1701 916 1783 respuisse
944 1699 1100 1763 videatur.
1141 1697 1202 1764 Sed
1231 1720 1418 1784 quocunque

244 1810 390 1890 tempore
409 1806 467 1870 illa
485 1806 679 1889 aetiologica
699 1804 861 1890 Propertii
879 1805 1023 1870 carmina
1038 1807 1158 1890 scripta
1173 1811 1256 1890 sunt,
1274 1810 1417 1871 mutasse

244 1913 398 1978 iudicium
421 1917 553 1998 poetam
577 1916 610 1977 et
632 1935 715 1997 quac
739 1917 836 1977 antea
857 1911 1019 1996 petiverat
1048 1912 1225 1977 deseruisse
1248 1934 1321 1977 cum
1344 1912 1418 1977 inde

246 2025 393 2104 apparet,
424 2020 508 2103 quod
539 2021 668 2102 praeter
695 2040 814 2102 paucas
842 2019 916 2084 illas
943 2019 1051 2085 nullas
1080 2019 1239 2084 eiusmodi
1262 2017 1417 2106 elegias4)

247 2126 442 2210 composuit,
474 2127 544 2189 tum
572 2147 610 2188 ex
638 2125 695 2189 illo
719 2147 828 2210 versu,
861 2147 924 2209 quo
952 2127 1092 2208 primum
1120 2126 1249 2191 libriV
1279 2147 1416 2212 carmen,

245 2238 394 2299 truncum
414 2255 492 2297 sane
511 2233 674 2317 relictum,
697 2234 876 2318 posteriore
893 2238 930 2303 ut
944 2233 1071 2298 videtur
1089 2237 1236 2317 tempore
1250 2234 1418 2298 continua-

245 2342 294 2406 vit
317 2339 362 2426 (V
380 2341 407 2424 l,
423 2337 493 2426 ’11);
518 2339 592 2423 ‘quo
616 2340 684 2404 ruis
707 2340 894 2424 imprudens
918 2361 1000 2425 vage
1024 2341 1129 2419 dicere
1151 2341 1221 2404 fata
1244 2339 1417 2424 Properti’3

245 2473 283 2515 eo
312 2449 398 2513 enirn
425 2446 495 2530 ipse
524 2468 558 2510 se
587 2445 628 2510 ab
656 2447 751 2511 aetiis
775 2445 966 2511 Callimachi
994 2447 1161 2512 imitandis
1190 2448 1230 2510 ad
1259 2447 1418 2513 amatoria

245 2555 413 2620 scribenda
437 2554 582 2619 carmina
605 2552 742 2618 revocat

333 2661 403 2726 Iam
426 2682 516 2744 vero,
540 2660 567 2724 si
590 2661 732 2724 carmine
754 2659 788 2724 II
806 2661 849 2724 34
867 2660 1070 2744 vituperatur
1088 2659 1316 2746 Callimachus,
1340 2661 1418 2745 quid

243 2768 294 2834 illi
317 2767 394 2852 loci,
417 2767 534 2852 quibus
557 2766 643 2840 haud
662 2766 768 2830 dubiis
789 2764 989 2849 Cyrenaeum
1008 2767 1157 2830 laudibus
1176 2771 1274 2850 poeta
1296 2768 1417 2832 ecfert?

243 2875 294 2940 Ad
328 2875 490 2960 quodnam
521 2873 589 2936 eius
622 2894 737 2958 poema
772 2873 958 2956 pertinent?
997 2872 1065 2938 llos
1096 2896 1222 2959 quoque
1256 2876 1296 2939 ad
1331 2875 1417 2938 aetia

245 2983 406 3067 pertinere
420 2980 616 3064 respondent
639 2977 897 3044 Schneidcrus
916 2980 1089 3045 Rohdius
1110 2981 1321 3066 Diltheyus
1341 3004 1416 3046 con-

243 3089 295 3154 fisi
318 3089 401 3152 falsa
423 3109 535 3152 versus
555 3088 598 3151 32
618 3087 739 3172 elegiae
760 3085 851 3165 1134
870 3086 1146 3170 interpretatione.
1179 3086 1323 3163 Quorum
1347 3110 1416 3152 sen-

243 3196 350 3261 tentia
368 3217 440 3261 cum
455 3216 493 3259 eo
508 3194 651 3259 refutata
669 3195 796 3259 videtur
815 3215 897 3278 esse,
917 3195 1002 3279 quod
1021 3217 1058 3259 eo
1079 3195 1220 3260 carmine
1239 3195 1417 3281 vituperari

201 3373 207 3380 4
245 3303 333 3366 aetia
351 3301 644 3366 demonstravimus
661 3337 698 3348 -
715 3323 793 3366 nam
807 3301 891 3386 quod
908 3323 1023 3386 poema
1036 3323 1100 3366 uno
1120 3303 1191 3366 loco
1205 3302 1417 3385 vituperatur,

245 3409 317 3476 aliis
332 3409 373 3474 ab
389 3409 501 3474 eodem
520 3413 616 3492 poeta
635 3409 715 3474 locis
733 3408 911 3474 collaudari
925 3430 992 3473 non
1006 3411 1056 3472 est
1071 3405 1255 3494 credibile⁵)
1273 3446 1323 3494 -,
1345 3413 1416 3473 tum

243 3588 456 3598 ...n-...—

334 3675 360 3743 1)
372 3673 420 3744 cf.
440 3672 464 3728 V
485 3679 509 3740 1,
529 3679 562 3729 62
574 3690 632 3741 sqq.
666 3671 722 3727 ‘Mi
748 3673 818 3728 folia
845 3691 879 3728 ex
906 3673 1011 3728 hedera
1037 3672 1164 3742 porrige,
1187 3673 1310 3740 Bacche,
1339 3671 1413 3744 tuat

243 3763 283 3817 Ut
305 3759 407 3818 nostris
429 3763 591 3818 humefacta
614 3762 759 3831 superbiat
780 3763 897 3817 Umbria
918 3763 1005 3830 libris,
1023 3765 1027 3830 Ι
1049 3761 1165 3816 Umbria
1183 3762 1305 3818 Romosaa'
1321 3762 1416 3832 patria

244 3852 417 3906 Callimachi'
434 3855 464 3907 et
477 3852 609 3921 deinceps
627 3869 653 3906 v.
665 3858 698 3906 69
720 3851 819 3906 ‘Sacra
837 3853 951 3919 diesque
970 3867 1070 3906 canam
1089 3852 1118 3905 ct
1136 3852 1304 3921 cognomina
1321 3850 1415 3921 prisca

242 3941 390 4010 locorum’,
410 3926 481 4010 quae
499 3940 648 3996 manifesto
667 3941 704 3994 ad
722 3939 797 3994 aetia
814 3938 964 4010 pertinent.

332 4029 360 4098 2)
380 4029 450 4100 eleg.
471 4034 496 4098 2,
515 4035 540 4099 4,
560 4035 586 4099 9,
605 4035 647 4084 10.

332 4120 359 4186 3)
380 4117 492 4184 Quaest.
511 4117 551 4172 III
570 4123 586 4171 3
604 4136 631 4188 p.
651 4123 712 4171 223.

333 4210 360 4277 4)
379 4207 441 4262 Una
460 4209 577 4277 excepta
593 4207 620 4261 II
639 4213 683 4277 31,
701 4225 784 4278 quam
804 4207 923 4263 solemni
941 4207 1009 4262 data
1027 4205 1172 4262 occasione
1192 4207 1222 4260 et
1239 4206 1414 4276 gratificatus

244 4298 303 4352 sine
321 4296 406 4352 dubio
425 4286 550 4366 Augusto
570 4297 735 4367 composuit.

332 4388 360 4455 5)
381 4384 443 4440 Nisi
461 4384 516 4455 ipsi
539 4385 595 4440 loci
618 4402 667 4440 nos
692 4402 725 4440 eo
749 4384 893 4456 redigunt,
917 4388 949 4439 ut
972 4384 1126 4440 collaudari
1148 4402 1249 4455 poema
1271 4385 1328 4442 alio
1352 4387 1413 4440 loco

244 4475 444 4544 reprehensum
470 4477 636 4541 statuamus3
660 4476 738 4531 velut
760 4474 786 4528 V
806 4480 834 4546 1,
858 4481 892 4529 63
916 4475 975 4530 sinc
997 4475 1057 4530 ulla
1086 4473 1261 4534 dubitatione
1285 4475 1321 4529 ad
1339 4473 1415 4529 aetia
