3186 5088
717 427 756 438 ..a
801 391 849 456 -14
896 427 934 438 ..

239 555 272 616 11
291 553 346 637 qui
372 555 550 637 sequuntur
572 573 695 617 versus.
730 549 816 617 Nam
840 551 954 618 molles
977 550 1137 634 Propertii
1161 550 1287 636 elegiae
1310 553 1415 639 magis

239 664 326 724 certe
360 661 401 726 ab
434 659 542 743 aetiis,
576 681 639 744 quo
668 663 817 744 poemate
847 658 1009 742 epicorum
1036 659 1218 724 carminum
1245 661 1415 726 materiam

240 767 416 850 elegiarum
444 766 551 832 forma
572 764 981 849 tractaverat-differunt,
1009 787 1107 849 quam
1130 769 1168 830 ut
1191 786 1230 829 ea
1251 765 1415 832 imitatum

239 893 299 937 sua
329 894 363 936 se
387 871 554 956 scripsisse
578 871 681 936 dicere
704 875 802 956 poeta
824 871 937 956 possit.

329 975 487 1044 Omnibus
510 978 613 1064 igitur
635 980 682 1044 eis
706 979 785 1043 locis
805 1000 871 1044 non
894 977 934 1046 ad
958 978 1044 1042 aetia
1067 977 1122 1042 sed
1146 976 1186 1041 ad
1210 979 1298 1044 aliud
1318 979 1416 1065 quod·

240 1083 314 1147 dam
338 1083 514 1168 elegiarum
538 1105 656 1169 eorpus
681 1088 826 1169 spectare
849 1087 979 1169 poetam
1003 1085 1074 1148 luce
1098 1084 1216 1149 clarius
1240 1085 1320 1150 mihi
1345 1107 1414 1151 esse

239 1190 374 1255 videtur.
412 1188 505 1266 Quod
529 1191 624 1274 quale
645 1190 755 1277 fuerit,
778 1212 844 1256 non
874 1190 1050 1276 dubitabit,
1078 1189 1242 1276 Propertii
1271 1192 1416 1256 carmina

240 1297 296 1381 qui
319 1297 371 1361 vel
395 1320 460 1363 uno
484 1301 617 1380 aspectu
640 1299 840 1382 cognoverit.
875 1297 1008 1362 Etenim
1037 1301 1109 1360 tota
1132 1297 1200 1363 fere
1227 1302 1343 1383 poetae
1365 1300 1414 1363 vis

240 1424 312 1467 oum
337 1407 483 1468 versetur
505 1403 539 1469 in
563 1405 752 1470 enarrandis
777 1427 908 1469 suorum
932 1427 1080 1470 amorum
1099 1405 1236 1490 deliciis,
1259 1405 1318 1470 illa
1337 1427 1414 1490 quo-

240 1531 301 1594 que
326 1506 516 1575 Callimachi
545 1511 690 1576 carmina
719 1510 885 1594 adripsius
915 1533 1041 1577 amores
1065 1511 1259 1597 pertinuisse
1283 1533 1414 1578 consen·

240 1620 370 1680 taneum
399 1621 458 1682 est.
500 1616 652 1683 Ceterum
685 1622 815 1702 praesto
849 1622 925 1684 aunt
953 1623 986 1683 et
1018 1618 1180 1703 Propertii
1212 1622 1245 1683 et
1276 1620 1414 1686 aliorum

241 1723 435 1808 scriptorum
459 1725 535 1810 loci,
565 1725 680 1809 quibus
709 1725 877 1808 scripsisse
904 1725 985 1790 talia
1008 1725 1154 1790 carmina
1178 1723 1429 1792 Callimachum

240 1831 406 1896 evincitur.
443 1829 543 1896 Velut
561 1831 657 1917 Prop.
675 1831 708 1897 Il
726 1834 754 1917 1,
768 1833 812 1897 45
818 1883 827 1918 ,
850 1832 906 1898 ubi
924 1831 1306 1914 11111110111111111111
1324 1855 1414 1918 proe-

238 1936 284 2001 lia
315 1939 349 2003 in
381 1939 500 2004 lectulo
533 1959 605 2003 cum
638 1939 747 2023 puella
780 1939 954 2004 commissa
986 1960 1100 2003 canere
1129 1938 1220 2024 dicit,
1253 1939 1300 2004 sic
1327 1939 1414 2004 enim

240 2043 460 2126 accipiendum
485 2048 534 2109 est
557 2043 684 2131 ‘nos'¹),
707 2067 793 2129 cum,
817 2046 846 2110 11
869 2046 907 2110 de
931 2066 965 2110 sc
988 2067 1054 2110 uno
1077 2048 1174 2130 poeta
1197 2046 1358 2131 loquitur,
1382 2049 1414 2110 et

239 2152 275 2215 111
294 2152 349 2236 eis,
369 2173 452 2237 quae
466 2150 669 2236 antecedunt,
688 2152 768 2216 etin
788 2152 845 2236 eis,
864 2173 946 2237 quae
965 2155 1151 2236 sequuntur,
1172 2152 1328 2238 singulari
1346 2154 1415 2216 uta·

239 2261 293 2322 tur
306 2255 480 2346 numeral)
514 2255 634 2322 Confer
653 2256 750 2322 etiam
764 2257 814 2322 ΙΙΙ
829 2255 905 2344 (IV)
920 2259 950 2342 9,
963 2259 1017 2343 45,
1036 2259 1091 2343 qui
1104 2259 1194 2324 loeus
1210 2259 1286 2324 illos
1306 2257 1414 2324 ‘Galli-

240 2364 348 2429 machi
371 2363 512 2429 libellos'
535 2365 646 2449 paullo
671 2369 746 2429 ante
769 2368 1039 2430 commemoratos
1067 2366 1191 2430 lasciva
1220 2364 1414 2431 continuisse

241 2470 385 2535 carmina
407 2470 494 2535 haud
517 2493 594 2536 sane
614 2463 738 2536 occulte
759 2468 1000 2557 demonstrat.³)
1037 2470 1203 2537 Accedunt
1221 2475 1288 2535 tres
1306 2469 1414 2536 Ovidii

240 2576 305 2641 loci
325 2578 460 2643 maximi
484 2578 525 2642 ad
547 2581 695 2644 nostram
718 2579 911 2644 firmandam
935 2579 1128 2643 sententiam
1152 2578 1317 2644 momenti.
1344 2577 1414 2641 Pri-

241 2706 312 2749 mus
337 2689 387 2749 est
406 2684 463 2751 Ov.
478 2688 538 2750 art
557 2684 778 2750 11111Π3291
803 2684 866 2750 ‘sit
887 2685 949 2749 tibi
968 2682 1173 2767 Callimachi,
1196 2686 1241 2749 sit
1259 2683 1318 2750 Coi
1335 2687 1414 2748 nota

240 2795 356 2876 poetae
378 2791 494 2876 Musa'‚
523 2792 647 2858 scilicet
674 2797 712 2857 ut
739 2793 883 2857 recitatis
906 2813 1017 2857 eorum
1046 2790 1191 2858 versibus
1219 2790 1307 2857 viros
1340 2789 1413 2854 libi·

241 2898 314 2964 dine
337 2899 444 2982 possis
467 2895 700 2985 perfundere.⁴)
738 2899 831 2964 Alter
853 2898 944 2964 Rem.
968 2921 1030 2964 am.
1059 2898 1138 2964 759:
1166 2895 1413 2963 ‘Callimachum

240 3006 361 3092 fugito,
388 3027 454 3072 non
482 3009 532 3071 est
561 3006 710 3071 inimicus
733 3007 855 3092 amori,
884 3006 930 3072 Et
958 3027 1030 3071 cum
1054 3002 1254 3071 Callimacho
1277 3009 1313 3068 tu
1337 3024 1413 3088 quo-

241 3134 316 3197 que,
339 3110 419 3196 Coe,
441 3111 559 3177 nooes'.
600 3111 719 3197 Fugite
739 3110 984 3196 Callimachum,
1012 3110 1079 3176 scil.
1106 3133 1147 3176 ne
1175 3112 1242 3177 eius
1266 3109 1413 3177 versibus

241 3218 343 3284 libido
367 3223 425 3283 tua
447 3218 551 3283 denuo
573 3219 667 3303 quasi
690 3219 832 3283 stimulis
856 3218 1022 3283 excitetur.
1058 3217 1103 3282 Et
1122 3217 1266 3282 omnium
1290 3215 1413 3302 gravis·

241 3326 341 3390 simus
365 3325 480 3390 tertius
504 3325 601 3390 'l'rist
623 3325 759 3391 113671
783 3324 864 3390 ‘Nec
881 3325 957 3410 tibi,
979 3323 1163 3406 Battiades,
1186 3324 1305 3408 nocuit,
1328 3322 1414 3409 quod

241 3455 336 3518 saepe
360 3434 482 3519 legenti
505 3433 644 3498 Deliacos
671 3454 766 3500 versu
788 3432 894 3498 1111111
918 3453 952 3497 11
975 3433 1045 3517 ipse
1069 3432 1160 3499 tuce'.
1200 3431 1316 3496 Omnia
1333 3430 1414 3495 haec

331 3719 357 3788 1)
375 3716 434 3772 Nos
453 3719 550 3772 contra
568 3717 687 3787 angusto
702 3717 848 3772 1111111111
866 3714 975 3786 praelia
992 3715 1075 3771 lecto.

330 3808 359 3875 2)
376 3825 402 3860 v.
424 3811 452 3860 1:
477 3804 629 3874 Quaeritis,
659 3805 732 3859 unde
755 3805 824 3858 malci
845 3804 950 3859 totiens
978 3804 1135 3858 scribantur
1157 3820 1274 3860 amores.
1311 3823 1338 3859 v.
1363 3808 1412 3856 12:

243 3896 370 3950 ‘Invenio
390 3911 488 3949 causas
506 3892 584 3948 mille
602 3895 688 3964 poeta
705 3893 813 3948 novas'.
837 3911 863 3948 v.
884 3899 930 3946 17:
951 3891 1044 3958 ‘Quod
1062 3893 1130 3947 mibi
1148 3893 1312 3960 sitantum,
1337 3892 1413 3945 Maa-

242 4001 332 4052 cenas,
346 3984 407 4039 fata
422 3981 583 4039 dedissent'.
598 4001 624 4038 v.
640 3987 687 4036 35:
704 3981 756 4035 ‘'I'e
769 3997 829 4035 mec
842 3996 922 4034 musa
935 3979 992 4033 illis
1007 3997 1117 4051 semper
1131 3983 1291 4036 contexeret
1305 3979 1411 4034 armia’.

241 4092 266 4129 v.
286 4079 334 4128 41:
356 4072 418 4127 ‘nec
436 4087 496 4126 mea
515 4071 685 4126 conveniunt
703 4069 774 4124 duro
788 4069 953 4140 praecordia
966 4071 1068 4125 versu’.
1087 4089 1113 4125 v.
1130 4075 1177 4123 48:
1199 4069 1293 4135 ‘fruor
1307 4086 1323 4123 c
1338 4068 1412 4122 aolus

242 4177 336 4216 amore
355 4160 439 4215 meo'.
458 4178 485 4215 v.
503 4165 549 4214 49:
573 4159 615 4214 ‘Si
633 4159 764 4215 oramini’.

330 4251 357 4318 3)
376 4247 470 4303 Verba
487 4246 645 4320 perscripta
663 4249 728 4302 sunt
747 4265 831 4318 supra
847 4267 876 4318 p.
896 4253 938 4302 13.

329 4340 357 4408 4)
376 4337 484 4392 Revera
501 4336 532 4390 id
549 4335 821 4406 subintellegendum
841 4354 901 4396 esee
919 4335 1001 4391 docet
1020 4337 1048 4390 et
1062 4332 1222 4390 universum
1240 4336 1328 4391 totius
1348 4334 1413 4390 libri

241 4428 437 4499 argumentum
461 4428 491 4482 at
513 4426 676 4497 quistatim
695 4427 821 4496 sequitur
838 4441 946 4482 versus:
972 4423 1060 4480 ‘Nota
1083 4422 1120 4478 sit
1143 4426 1172 4480 11
1195 4423 1322 4496 Sapph03
1346 4423 1413 4494 quid

243 4518 317 4572 enirn
336 4517 466 4598 lascivias
478 4515 560 4572 illa’?
