3186 5088
653 366 871 432 -11..

176 523 351 610 quadrant,
384 548 467 611 quae
499 521 805 611 Lachmannus¹)
842 525 942 590 edidit
972 526 1066 591 haec:
1099 525 1231 612 bursus,
1264 525 1349 611 quod

176 653 364 718 quocunque
387 632 484 698 modo
508 615 695 718 accipiatur,
718 619 864 717 ineptum
887 632 959 699 est’.
987 633 1074 698 Nam
1098 634 1220 718 optime
1243 634 1348 699 dicere

176 739 303 805 videtur
335 744 433 823 poeta
460 739 520 804 aie:
554 739 606 804 ‘ne
633 741 746 804 ilerum
773 761 828 804 eas
855 739 983 806 fabulas
1012 741 1145 822 tractes,
1176 763 1255 824 quas
1283 740 1349 806 iam

175 846 329 912 tractavit
352 842 572 912 Callimachus
591 846 624 914 in
643 845 760 912 aetiis’.
795 844 909 931 Neque
934 869 972 912 ex
991 845 1193 932 Groningani
1212 847 1349 912 auctori-

175 956 243 1017 tate
273 950 406 1018 ‘rursus’
438 975 589 1039 respuere
620 953 715 1020 nobis
747 953 838 1038 licet,
872 954 991 1040 quippe
1021 954 1106 1039 quod
1133 956 1287 1020 tueantur
1317 957 1351 1018 et

175 1057 435 1146 Hamburgensis
453 1064 486 1125 et
503 1059 740 1146 Neapolitanus
759 1060 846 1126 haud
865 1060 1037 1145 spernendi
1056 1083 1094 1125 ex
1113 1061 1256 1126 omnium
1275 1083 1350 1126 con·

177 1187 272 1231 sensu
295 1163 465 1252 codicesl)
506 1166 583 1231 Alia
615 1167 715 1252 igitur
747 1167 931 1252 quaerenda
958 1167 1042 1232 ratio
1076 1171 1141 1252 est,
1177 1190 1241 1252 qua
1270 1169 1350 1233 haec

177 1274 323 1339 codicum
347 1277 380 1338 et
402 1274 545 1340 virorum
569 1274 737 1339 doctorum
761 1274 919 1340 dissensio
943 1278 1163 1358 componatur.

267 1380 316 1446 Ac
338 1380 484 1467 profecto
508 1381 608 1446 miror
631 1381 793 1466 equidem,
816 1381 893 1466 quid
916 1380 1142 1446 Lachmannus
1166 1381 1273 1464 ceteri,
1296 1382 1352 1466 qui

178 1487 426 1574 Groninganum
458 1491 649 1572 sequuntur,
682 1487 745 1553 sibi
778 1488 859 1552 velle
892 1487 1080 1572 putaverint
1110 1486 1193 1568 illud
1221 1487 1351 1554 ‘cursus

177 1594 313 1662 Acheloi
335 1594 481 1661 Fluxerit
504 1599 541 1661 ut
568 1616 689 1679 magno
712 1597 820 1660 tactus
844 1616 952 1660 amore
975 1594 1103 1679 liquor'.
1146 1595 1199 1660 An
1223 1617 1352 1660 cursum

176 1705 321 1768 mutasse
344 1701 478 1768 fluvium
502 1706 634 1787 captum
659 1723 769 1768 amore
796 1701 994 1768 Deianirae?
1031 1699 1078 1766 At
1106 1701 1189 1767 tales
1212 1702 1351 1786 ineptias

176 1809 307 1874 finxisse
331 1805 567 1874 Callimachum
590 1812 729 1874 nonest
756 1808 920 1874 credibile.
956 1807 1062 1874 Multo
1092 1828 1170 1874 sane
1192 1809 1352 1874 verisimi-

176 1916 238 1980 lius
272 1917 477 2000 spumantem
514 1937 588 1980 eum
623 1915 737 1981 fecisse
774 1915 954 1982 Acheloum
986 1918 1020 1981 et
1049 1919 1206 2000 tanquam
1238 1906 1352 1981 ardore

177 2022 365 2107 cupiditatis
388 2025 600 2087 aestuantem.
636 2021 708 2088 Hoc
730 2045 806 2088 vero
831 2023 859 2088 si
881 2024 1004 2107 placet,
1026 2023 1109 2087 illud
1126 2022 1262 2088 ‘cursus’
1285 2045 1353 2088 non

178 2135 252 2214 apte
280 2129 403 2195 dictum
432 2149 502 2193 esse
529 2128 697 2195 fatendum
726 2132 784 2193 est.
825 2127 949 2194 Deinde
976 2133 1014 2193 ut
1042 2129 1215 2194 concedam
1243 2129 1353 2214 negle-

178 2235 288 2322 gentia
325 2236 531 2301 librariorum
563 2257 663 2320 aeque
695 2235 791 2301 facile
824 2256 933 2302 careres
966 2236 1001 2300 in
1032 2257 1155 2321 rursus,
1188 2257 1238 2320 ac,
1268 2234 1353 2320 quod

178 2364 238 2429 ego
266 2343 489 2428 praetulerim,
520 2363 631 2408 rorata
656 2343 702 2407 in.
718 2363 826 2409 cursus
853 2342 1016 2427 corrumpi
1049 2343 1207 2427 potuisse,
1240 2342 1268 2407 si
1302 2363 1352 2406 ra·

178 2449 267 2516 tione
300 2451 440 2536 quadam
474 2471 552 2514 usos
580 2471 650 2514 esse
678 2449 828 2516 librarios
857 2451 1048 2536 statuimus,
1081 2451 1114 2515 id
1146 2449 1275 2535 quidem
1306 2449 1353 2513 in-

180 2558 313 2643 tellego,
342 2579 405 2642 qua
437 2557 508 2641 quis
541 2556 666 2621 ratione
696 2580 732 2622 eo
763 2558 932 2642 pervenire
959 2557 1117 2641 potuerit,
1148 2559 1186 2620 ut
1218 2553 1352 2620 ‘rursus'

179 2667 322 2731 mutaret
344 2663 379 2728 in
402 2661 549 2748 ‘cursus',
578 2663 719 2748 primum
743 2663 830 2728 enim
848 2663 988 2728 intuenti
1011 2663 1118 2728 locum
1137 2663 1247 2727 deesse
1266 2662 1352 2726 vide-

147 2763 151 2772 ’
178 2774 233 2836 tur
255 2792 328 2854 vox,
351 2792 390 2835 ex
408 2792 473 2855 qua
490 2770 631 2854 pendeat
651 2770 818 2855 genetivus
833 2767 1009 2854 ‘Acheloi'3
1031 2792 1099 2836 non
1117 2768 1280 2853 intellego,
1299 2767 1354 2852 qui

112 2945 114 2950 ,
179 2876 252 2962 quis
275 2899 334 2962 pro
358 2874 493 2942 ‘cursus'
517 2878 657 2942 scribere
679 2877 823 2962 potuerit
846 2876 980 2943 ‘rursus’
998 2878 1103 2962 primo
1127 2878 1213 2941 certe
1237 2875 1354 2941 obtutu

179 2983 266 3049 haud
289 2984 336 3048 ita
358 2983 451 3048 facile
474 2983 651 3048 intellectu.

269 3091 330 3156 His
364 3090 402 3156 de
435 3091 540 3156 causis
573 3090 673 3157 etiam
706 3091 767 3156 hac
798 3091 833 3156 in
863 3111 897 3155 re
925 3113 999 3156 eum
1027 3090 1229 3176 Scaligero
1257 3088 1351 3170 facia,

181 3198 270 3263 cuius
294 3198 522 3263 auctoritatem
545 3197 742 3282 posteriores
772 3220 838 3264 non
867 3202 955 3264 recte
984 3198 1168 3282 despexisse
1196 3195 1355 3280 videntur,

105 3355 109 3364 .
180 3304 292 3389 itaque
324 3303 530 3370 scribendum
560 3310 690 3370 censeo:
723 3304 810 3370 ‘Non
841 3327 954 3369 rursus
985 3304 1063 3368 licet
1092 3302 1202 3369 Aetoli
1232 3302 1353 3366 referas

179 3409 338 3477 Acheloi'.

271 3515 334 3583 Sed
356 3521 393 3583 ut
411 3517 579 3583 redeamus
600 3540 652 3604 eo,
674 3518 758 3583 unde
777 3517 952 3602 exspatiati
972 3539 1093 3602 sumus,
1116 3517 1355 3582 demonstrasse

272 3765 298 3833 1)
319 3765 400 3837 Prop.
420 3781 576 3822 carmem.
596 3766 709 3821 Lachm.
729 3771 806 3822 1816.

270 3857 299 3926 2)
318 3853 423 3922 Quanti
441 3871 488 3910 eos
505 3855 752 3932 Hertabergios
775 3854 978 3922 aestimaverit,
1002 3853 1067 3908 inde
1091 3854 1197 3921 elucet,
1220 3853 1296 3923 quod
1320 3853 1355 3908 de

181 3944 381 4016 Neapolitano,
407 3943 571 4014 orcadensi,
595 3944 802 4016 Hamburgensi
827 3945 898 4000 haee
925 3944 995 3999 facit
1017 3943 1116 3998 verba:
1143 3943 1247 4010 ‘Quare
1269 3942 1356 3996 trium

180 4035 281 4089 horum
300 4050 465 4090 eonsensum
481 4033 555 4088 tanti
578 4033 738 4088 faciendum
761 4031 996 4102 existimavimus,
1019 4034 1052 4087 ut
1069 4032 1093 4086 si
1116 4032 1220 4088 bonnm
1244 4048 1356 4087 sensum

183 4122 338 4178 communia
357 4140 453 4178 eornm
473 4121 613 4192 scriptura
627 4124 781 4192 praeberet,
796 4123 843 4177 vel
857 4120 1036 4191 Groningano
1051 4138 1114 4176 eam
1128 4120 1354 4191 praeferremus’.

183 4211 225 4264 Ao
239 4211 458 4280 Neapolitanum
478 4211 601 4281 quidem,
620 4228 703 4281 quem
717 4211 778 4281 ipse
797 4210 1026 4267 Baehrensius
1040 4208 1130 4266 multo
1143 4209 1257 4265 maioris
1271 4208 1356 4278 pretii

184 4315 244 4354 esse
269 4299 369 4355 statuit
387 4316 471 4369 quam
488 4299 708 4371 Groninganum,
726 4297 792 4355 Leo
811 4300 842 4354 in
855 4300 925 4357 Mus.
944 4300 1034 4354 Rhen.
1049 4299 1103 4356 vol.
1119 4303 1153 4356 35
1170 4316 1198 4369 p.
1213 4303 1355 4353 441-447

184 4389 284 4444 contra
301 4387 499 4444 Baehrensium
517 4389 667 4460 disputans
692 4389 789 4444 ‘unum
813 4405 869 4444 non
890 4387 1094 4458 interpolatum
1116 4389 1146 4443 et
1169 4388 1272 4443 librum
1295 4402 1355 4440 esse

183 4476 272 4532 multo
291 4475 406 4544 reliquis
424 4476 554 4534 lectionis
572 4478 736 4549 integritate
755 4476 937 4549 superiorem’
958 4475 1075 4533 evicisse
1093 4476 1164 4531 mihi
1182 4475 1303 4532 videtur.
