3186 5088
680 333 875 396 ..γ-

189 496 242 557 tur
272 514 338 558 non
371 492 530 557 amatoria
563 492 668 557 solum
696 492 838 558 carmina
866 493 976 557 saucio
1004 492 1107 559 amico
1137 495 1363 596 commendari,

190 599 308 684 quibus
335 617 474 666 αωονουι
498 619 590 666 scam
616 599 800 677 casotae,
823 598 880 664 sed
903 597 983 664 eta'.
1029 597 1076 664 At
1102 621 1169 664 non
1199 604 1250 665 est
1278 602 1365 685 apud

189 705 395 789 Propertium
417 707 553 772 verbum
572 687 776 789 consolandi,
798 705 898 770 immo
921 704 1085 789 imitandi3
1108 705 1255 772 imitatus
1279 707 1364 774 αἴτια

189 809 306 876 dicitur
328 849 364 858 —
383 812 412 876 si
426 816 512 878 recte
527 811 761 897 Hertzbergius
775 812 874 878 ceteri
887 813 1144 896 interpretantur
1161 849 1198 860 -
1215 813 1363 898 Lynceus

191 921 411 983 commoturus
445 941 516 984 esse
548 919 688 1004 puellas,
723 922 762 984 ut
793 919 913 984 amoris
947 917 1089 983 officium
1122 918 1262 985 libenter
1301 921 1364 986 sibi

189 1027 364 1109 praestent.
411 1025 464 1090 An
495 1028 532 1091 tu
568 1030 665 1110 putas
698 1025 758 1091 tali
796 1026 953 1110 carmine,
987 1026 1081 1110 quale
1111 1024 1242 1091 fuerunt
1270 1029 1364 1114 aetia,

191 1131 323 1197 omnino
354 1132 387 1197 id
416 1155 511 1217 posse
542 1132 647 1198 effici?
685 1131 804 1198 Obstat
832 1131 994 1198 Martialis
1023 1132 1223 1218 epigramma
1245 1133 1276 1198 X
1299 1134 1365 1220 4¹),
1497 1189 1503 1206 .

190 1259 252 1323 quo
284 1239 371 1304 aetia
397 1243 435 1305 ut
458 1240 593 1306 obscura
622 1242 654 1304 et
678 1262 697 1304 a
720 1240 817 1305 rebus
847 1238 998 1304 humanis
1027 1239 1135 1304 aliena
1162 1245 1366 1324 respuuntur.

190 1343 310 1410 Obstat
329 1344 428 1412 Clam.
447 1343 539 1410 Alex.
559 1342 677 1410 Strom.
697 1344 730 1410 II
748 1347 768 1412 8
787 1369 819 1430 p.
839 1345 903 1411 676
921 1346 1022 1413 Pott:
1046 1346 1216 1427 Εὐφορίων
1235 1346 1254 1412 ὁ
1273 1368 1364 1427 ποιη-

190 1453 247 1531 τὴς
269 1452 321 1516 καὶ
343 1452 384 1516 τὰ
408 1451 608 1532 Καλλιμάχου
632 1451 723 1519 Αίτια
748 1453 842 1533 καὶὴ
865 1452 1076 1534 Λυκόφρονος
1099 1453 1292 1534 Ἀλεξάνδρα
1314 1455 1365 1520 καὶ

189 1558 316 1623 τούτοις
339 1560 543 1638 παραπλήςια
560 1558 734 1639 γυμνάςιον
753 1558 798 1624 εἰς
817 1559 962 1640 έξήγηςιν
983 1565 1208 1640 γραμματικῶν
1231 1560 1366 1626 ἔκκειται

190 1661 352 1751 crocala
375 1687 452 1729 narn
470 1665 556 1750 quod
575 1687 656 1750 opus
676 1665 725 1732 ita
743 1668 794 1730 eet
812 1669 1044 1749 comparatum,
1062 1669 1100 1730 ut
1119 1665 1366 1750 ‘interpretandi

189 1769 370 1856 palaestra'
399 1770 561 1837 nominari
592 1771 712 1856 possit,
738 1771 777 1835 id
807 1770 952 1855 profecto
981 1771 1228 1838 detestabuntur
1255 1772 1365 1857 potius

187 1878 314 1964 puellae
352 1900 449 1962 quam
486 1877 690 1944 lectitabunt.
735 1877 850 1944 Fuisse
886 1878 1013 1964 quidem
1045 1879 1079 1943 in
1112 1883 1267 1964 quattuor
1297 1879 1365 1944 illis

190 1986 352 2049 aetiorum
375 1985 468 2050 libris
492 1985 592 2049 etiam
615 1984 773 2051 eiusmodi
795 1984 952 2069 carmina,
983 1984 1100 2070 quibus
1128 1983 1366 2050 delectarentur

189 2092 331 2177 puellae,
362 2091 449 2156 haud
481 2092 614 2176 ignor03
651 2095 703 2156 sat
737 2094 787 2156 est
819 2088 987 2176 Cydippae
1020 2090 1218 2157 mentionem
1250 2089 1366 2173 facere,

189 2198 280 2263 cuius
303 2197 476 2264 historiam
505 2199 540 2262 in
562 2199 661 2264 tertio
686 2197 796 2265 αἰτίων
824 2198 910 2263 libro
938 2201 1098 2265 tractasse
1126 2200 1257 2282 poetam
1283 2196 1365 2261 mihi

190 2326 317 2390 quoque
336 2326 527 2388 persuasum
546 2309 604 2371 est.
641 2303 703 2370 Sed
722 2306 804 2372 tales
823 2304 963 2384 fabulae,
981 2326 1064 2390 quae
1083 2303 1125 2368 ad
1143 2300 1364 2389 mortalium&

188 2411 299 2496 potius
318 2411 388 2477 fata
407 2433 504 2496 quarn
523 2411 564 2475 ad
584 2411 661 2476 deos
679 2411 857 2496 heroasque
876 2411 1075 2495 pertineant,
1095 2430 1216 2494 paucas
1234 2412 1364 2474 tantum

190 2516 241 2580 vel
264 2519 394 2599 praeter
408 2514 589 2600 Cydippam
608 2517 676 2582 fere
694 2517 799 2581 nullas
818 2516 853 2581 in
872 2517 967 2582 aetiis
986 2520 1144 2581 tractatas
1167 2515 1267 2580 fuisse
1292 2537 1365 2579 cum

191 2644 230 2687 ex
248 2620 413 2687 Martialis
432 2623 539 2688 verbis
558 2623 654 2689 modo
678 2623 789 2688 allatis
812 2626 883 2688 tum
907 2645 946 2687 ex
971 2623 1205 2707 epigrammate
1229 2624 1366 2706 apparet

188 2729 306 2795 incerti
329 2730 470 2795 auctoris
493 2726 602 2816 hoc⁴):

322 2834 361 2902 Ἀ
384 2837 465 2916 μέγα
490 2835 667 2902 Βαττιάδαο
692 2840 796 2916 ςοφοῦ
820 2833 1016 2915 περίπυςτον
1038 2832 1162 2916 ὄνειαρ,

321 2942 341 3023 ἢ
366 2940 400 3021 ρ’
422 2943 515 3008 ἐτεὸν
537 2941 676 3023 κεράων,
700 2941 775 3008 οὐδ’
797 2943 978 3022 ἐλέφαντα(
1001 2940 1065 3022 ἔης.

324 3049 405 3114 Τοῖα
427 3049 488 3128 γὰρ
512 3046 607 3129 ἄμμιν
631 3049 768 3130 έφηνας,
791 3047 845 3114 ἅτ’
868 3049 908 3114 οὐ
931 3047 1034 3129 πάρος
1057 3047 1170 3130 ἀνέρες
1192 3045 1284 3128 ἴδμεν

321 3151 417 3235 ἀμφί
439 3176 479 3220 τε
502 3154 735 3236 ἀθανάτους,
759 3155 857 3236 ἀμφί
880 3176 921 3221 τε
943 3157 1137 3236 ἡμιθέους,

323 3260 394 3327 εὖτέ
419 3282 470 3342 μιν
494 3263 528 3328 ἐκ
551 3263 667 3344 Λιβύης
689 3261 841 3345 ἀναείρας
864 3262 909 3328 είς
932 3262 1087 3328 Ἑλικῶνα

322 3367 441 3448 ἤγαγες
465 3368 501 3434 ἐν
525 3371 648 3448 μέςςαις
671 3369 848 3452 Πιερίδεςςι
871 3371 997 3450 φέρων·

322 3474 355 3539 αἱ
378 3475 413 3540 δέ
437 3473 469 3539 οἱ
492 3474 647 3560 εἰρομένῳ
670 3474 766 3556 ἀμφ’
789 3475 966 3554 ὠγυγίαν
988 3474 1124 3556 ἡρώων

322 3579 411 3646 Αίτια
433 3583 495 3647 καί
517 3580 698 3663 μακάρων
721 3581 810 3663 είρον
833 3581 1046 3666 ἀμειβόμεναι.

279 3740 305 3808 1)
385 3736 465 3794 ‘Non
482 3737 529 3794 hic
548 3737 715 3812 Centauros,
733 3757 789 3796 non
808 3740 953 3812 Gorgonas
972 3740 1167 3811 Harpyiasque

382 3826 523 3882 Invenies:
542 3827 685 3884 hominem
703 3829 809 3903 pagina
825 3831 923 3886 nostra
941 3828 1023 3900 sapit.

384 3915 438 3972 Sed
456 3934 512 3973 non
526 3918 582 3988 ris,
600 3918 751 3989 Mamurra,
769 3921 834 3975 tuoe
853 3935 1021 3990 cognoscere
1041 3934 1131 3973 mores

382 4005 443 4061 Nec
461 4007 490 4060 te
508 4006 593 4075 scire3
611 4009 690 4078 legas
708 4007 792 4064 Actia
810 4006 998 4063 Callimachi)

207 4153 216 4170 ,
277 4099 304 4164 2)
322 4094 378 4151 Pro
397 4097 495 4151 ἀπαςιν
514 4094 692 4151 coniecerunt
708 4087 804 4151 ’παιςίν
822 4095 934 4151 Daris.
953 4095 989 4150 ad
1008 4095 1064 4151 Cio.
1085 4095 1119 4150 de
1133 4094 1226 4151 Divin.
1240 4095 1267 4148 Il
1281 4101 1316 4150 64
1334 4097 1363 4150 et
1450 4149 1453 4154 ,

188 4183 356 4252 Mainake,
375 4184 512 4240 Analecta
530 4184 680 4241 Alexandr.
698 4202 726 4256 p.
745 4191 788 4239 82.

277 4278 305 4343 3)
324 4273 407 4330 Falso
426 4275 463 4330 ab
482 4273 546 4330 aliis
565 4274 651 4330 deam·
664 4273 792 4330 habitam
811 4289 872 4329 esse
891 4273 1046 4347 Cydippam
1064 4273 1169 4346 optime
1188 4273 1362 4334 demonstra-

189 4361 231 4418 rit
249 4362 389 4433 Dilthey
407 4364 426 4419 l.
446 4381 470 4420 c.
488 4382 515 4435 p.
537 4369 588 4419 10⁷
607 4381 667 4432 sqq.

277 4452 305 4520 4)
325 4449 476 4524 Antholog.
495 4453 585 4508 Palat.
604 4451 657 4506 VII
675 4457 718 4510 42.
