3186 5088
665 386 885 450 „13-

189 546 266 630 ipsi,
289 547 327 612 de
346 546 463 632 quibus
482 545 662 638 quaeritur,
684 545 747 610 loci
767 545 797 608 ci
816 556 905 629 sunt,
924 543 1040 628 quibus
1059 543 1100 608 ad
1118 543 1206 607 aetia
1225 544 1363 627 spectari

188 651 257 718 veri
279 651 425 718 videatur
449 650 710 716 dissimillimum.

174 841 176 846 Ι
276 758 405 826 Primus
438 761 487 824 est
519 757 553 824 II
583 761 615 843 1,
638 761 689 824 40.
737 758 807 835 Quo
842 758 983 824 carmine
1021 759 1060 826 de
1097 780 1134 824 eo
1172 781 1207 823 se
1243 761 1362 842 purgat

187 865 369 931 Maecenati
401 869 514 950 poeta,
546 865 632 951 quod
665 888 829 950 nunquam
863 867 990 950 epicum
1022 887 1139 948 poema
1171 865 1362 948 condiderit;

189 994 300 1038 amore
324 971 386 1037 sibi
410 995 491 1056 opus
516 993 585 1037 esse
610 972 821 1050 incitamento
846 971 886 1036 ad
910 971 1053 1036 carmina
1076 972 1238 1056 facienda3
1266 995 1362 1057 quae-

189 1101 312 1164 cunque
346 1081 386 1146 ad
418 1080 558 1164 puellam
591 1079 788 1164 pertineant,
825 1077 866 1142 ad
903 1101 940 1142 ea
977 1078 1121 1143 canenda
1158 1078 1363 1162 suppeditare

187 1187 368 1272 ingenium,
405 1207 472 1250 non
509 1185 716 1270 suppeditare
753 1186 794 1248 ad
831 1185 923 1270 epica
956 1188 1148 1269 argumenta
1184 1187 1362 1251 tractanda.

188 1294 306 1360 Ultimi
330 1292 491 1358 enuntiati
510 1292 704 1357 sententiam
723 1291 775 1356 his
790 1295 887 1375 poeta
901 1290 1009 1358 verbis
1028 1290 1143 1355 edidit:
1167 1290 1244 1356 ‘sed
1261 1313 1363 1377 neque

187 1400 385 1486 Phlegraeos
404 1399 492 1466 Iovis
510 1399 729 1482 Enceladique
752 1399 911 1462 tumultus
929 1397 1061 1462 Intonat
1076 1401 1214 1483 angusto
1233 1402 1362 1482 pectore
1478 1432 1485 1442 ·

189 1505 424 1592 Callimachus,
448 1506 516 1572 Nec
539 1529 612 1574 mea
635 1504 831 1571 conveniunt
853 1505 933 1570 duro
956 1504 1145 1588 praecordia
1168 1526 1264 1571 versu
1284 1503 1362 1570 Cae-

188 1616 271 1680 saris
294 1617 329 1679 in
352 1614 513 1699 Phrygios
542 1613 679 1679 condere
706 1633 824 1676 nomen
853 1633 939 1676 arcs.
980 1611 1100 1676 Navita
1127 1613 1164 1676 de
1188 1613 1298 1691 omns,
1326 1615 1363 1678 de

188 1724 290 1786 tauris
311 1725 567 1799 narraturam,
589 1720 766 1785 Euomeret
787 1720 875 1784 miles
896 1719 1033 1796 volnera,
1052 1724 1165 1801 pastor
1187 1721 1264 1804 oms,
1291 1720 1361 1786 Nos

189 1832 302 1894 contra
325 1833 465 1914 angusto
488 1830 657 1895 versantes
680 1826 805 1912 praelia
827 1828 925 1916 lecto:
958 1824 1030 1902 Qua
1051 1828 1129 1909 pote
1153 1827 1300 1913 quisque,
1328 1828 1363 1893 in
1456 1831 1458 1836 ’

189 1957 227 2000 ea
246 1939 394 2002 conterat
412 1939 481 2000 arte
501 1933 606 1999 diem'.
643 1931 713 2009 Quo
733 1933 804 1998 loco
824 1933 852 1997 si
872 1931 957 1997 aetia
974 1930 1132 2017 Cyrenaei
1149 1936 1247 2018 poeta
1265 1934 1363 2020 signi-

187 2045 284 2108 ficare
307 2043 422 2127 vellet‚
451 2041 627 2106 absurdum
651 2044 738 2106 esset
765 2040 964 2105 mentionem
987 2039 1057 2104 fieri
1084 2044 1217 2125 nautae,
1242 2031 1301 2127 ¹qui
1324 2042 1362 2106 de

187 2151 308 2233 ventis,
338 2149 478 2214 aratoris
501 2147 556 2233 qui
579 2148 617 2212 de
640 2147 759 2231 tauris,
783 2151 973 2230 ceterorum,
996 2168 1132 2230 quorum
1156 2147 1194 2212 de
1218 2170 1255 2213 eo
1279 2171 1361 2214 unus

189 2257 324 2343 quisque
352 2258 513 2341 loquatur,
538 2254 622 2339 quod
647 2250 797 2339 expertus
822 2256 874 2319 sit.
911 2255 963 2318 An
987 2251 1204 2318 Callimachus
1228 2253 1360 2320 deorum

188 2364 388 2448 heroumque
402 2363 484 2447 fata,
504 2361 633 2448 quaein
648 2361 741 2427 aetiis
756 2364 896 2426 tractata
911 2363 1017 2444 erant,
1035 2361 1106 2445 ipse
1120 2365 1269 2445 expertus
1289 2361 1361 2426 est?

277 2470 414 2536 Prorsus
430 2469 542 2536 eadem
556 2469 640 2534 ratio
656 2471 705 2533 est
721 2467 872 2533 carminis
886 2466 935 2532 Ill
946 2463 1022 2554 (IV)
1033 2468 1062 2545 9,
1077 2468 1161 2552 quod
1176 2468 1216 2533 ad
1226 2469 1361 2534 eundern

188 2577 411 2642 Maecenatem
443 2575 601 2660 scriptum
629 2579 687 2640 est.
728 2574 817 2640 Dicit
843 2577 940 2658 poeta
967 2595 1034 2638 non
1060 2576 1167 2639 valere
1196 2575 1361 2660 ingenium

188 2707 281 2752 suum
305 2683 345 2748 ad
369 2683 461 2767 opica
483 2682 647 2748 condenda
669 2685 830 2767 poemata,
854 2681 910 2748 sed
928 2681 971 2763 (v.
990 2678 1063 2765 43):

347 2790 438 2855 Inter
460 2788 650 2858 Callimachi
673 2793 724 2853 sat
747 2788 809 2855 erit
830 2788 991 2874 placuisse
1014 2788 1143 2876 libellos
1207 2837 1209 2844 -

306 2912 314 2936 ⁸
390 2896 436 2961 Et
459 2896 614 2962 cecinisse
636 2897 741 2962 modis
765 2893 830 2960 Coe
852 2900 951 2979 poeta
971 2896 1047 2962 tuis.

348 3002 437 3070 Haec
461 3007 558 3070 urant
580 3025 713 3088 pucros,
734 3003 807 3068 laec
828 3008 926 3068 ruant
946 3004 1062 3086 scripto
1078 3003 1202 3086 puellas

392 3110 509 3196 Meque
532 3110 626 3175 deum
650 3109 792 3175 clament
814 3112 847 3172 et
869 3108 950 3174 mihi
973 3129 1064 3174 sacra
1085 3109 1202 3174 ferant.

187 3219 331 3284 Putasne
353 3219 438 3283 aetia
461 3232 499 3283 ea
521 3217 631 3302 fuisse,
654 3238 736 3302 quae
755 3220 886 3282 urerent
908 3239 1024 3300 pueros
1049 3220 1083 3282 et
1101 3215 1250 3302 puellas?
1282 3215 1360 3281 Pro·

187 3324 272 3389 fecto
288 3345 328 3389 ne
343 3321 490 3409 Cydippa
504 3322 645 3407 quidem3
668 3324 786 3387 nedum
806 3322 883 3386 illae
897 3323 1055 3388 aetiorum
1069 3321 1201 3408 elegiae,
1220 3323 1361 3387 maxima

188 3434 275 3496 certe
293 3431 396 3496 totius
416 3430 523 3514 operis
542 3427 632 3513 pars,
652 3429 768 3514 quibus
783 3428 915 3494 deorum
930 3429 1129 3515 heroumque
1143 3429 1212 3494 fata
1228 3433 1362 3493 narrata

189 3543 289 3605 erant.
321 3537 371 3602 De
391 3537 485 3602 aetiis
503 3537 606 3621 igitur
624 3536 685 3600 hoc
704 3537 775 3600 loco
793 3557 998 3620 nequaquam
1017 3535 1236 3622 cogitandum.

277 3643 390 3729 Neque
413 3643 510 3708 tertio
534 3643 622 3727 loco,
644 3642 700 3726 qui
723 3645 772 3706 est
792 3641 842 3705 Ill
862 3638 939 3730 (IV)
961 3644 994 3706 l:
1021 3641 1223 3708 ‘Callimachi
1246 3642 1359 3707 Manes

188 3757 221 3818 et
235 3750 294 3818 Coi
313 3773 406 3817 sacra
423 3750 578 3816 Philetas·
599 3752 603 3829 Ι
623 3748 663 3813 In
681 3751 824 3814 vestrum
844 3771 963 3834 quaeso
983 3770 1034 3814 me
1053 3748 1151 3815 sinite
1170 3749 1216 3813 ire
1234 3748 1359 3814 nemus’

187 3965 312 4038 pertinet
337 3963 452 4036 propter
479 3961 640 4018 uuiversum
663 3959 794 4018 carminis
817 3961 1020 4018 sententiarum
1047 3977 1156 4017 nexum.
1194 3960 1255 4028 Qua
1277 3960 1307 4015 in
1328 3977 1359 4016 rs

187 4054 257 4108 mire
281 4053 385 4110 erravit
410 4050 577 4121 Scaliger,
601 4067 665 4105 cum
688 4051 765 4106 dicat
787 4051 806 4106 l.
824 4051 857 4106 l.:
884 4050 933 4104 ‘At
956 4050 1043 4120 dices,
1067 4048 1208 4120 quomodo
1231 4049 1360 4104 inflatum

188 4145 280 4212 vocat,
299 4159 383 4210 quem
405 4141 554 4214 profitetur
578 4156 608 4194 se
626 4138 751 4194 imitari?
770 4156 823 4210 age
841 4139 925 4195 mitto
943 4139 1059 4208 imitari,
1078 4139 1158 4194 cuias
1171 4138 1284 4194 nomine
1298 4138 1359 4208 ipse

190 4247 219 4285 se
237 4231 366 4301 appellat
386 4230 514 4286 ‘Umbria
527 4229 647 4284 Romani
660 4228 754 4300 patria
768 4226 963 4283 Callimachir’
1001 4227 1164 4298 Propertius
1182 4228 1293 4283 tantum
1313 4227 1359 4282 de·

188 4321 276 4375 terret
294 4337 356 4375 eum
375 4321 411 4375 ab
431 4320 513 4376 aetiis
537 4317 716 4384 Callimachi,
740 4315 787 4373 cui
808 4318 932 4387 poemati
955 4317 1046 4372 simile
1069 4314 1288 4386 aggrediebatur
1309 4315 1358 4369 ille

188 4407 328 4478 Propertii
347 4408 465 4464 amicus:
488 4425 545 4464 non
567 4409 661 4462 autem
685 4406 721 4461 ab
744 4405 885 4462 amoribus
903 4408 953 4460 aut
969 4404 1067 4475 elegiis
1086 4403 1266 4473 Callimachi,
1289 4421 1359 4474 quas

187 4497 248 4570 ipse
266 4496 372 4551 imitari
392 4513 421 4552 se
439 4499 472 4552 ut
489 4496 548 4551 dixi
565 4496 730 4568 profitetur’.
