3186 5088
716 285 908 347 -8-

225 446 340 530 ltaque
370 445 455 510 aetia
484 467 556 509 oum
584 444 758 508 manifesto
786 464 853 508 non
885 463 923 506 ea
954 440 1088 525 tuerint,
1121 442 1238 526 quibus
1268 443 1396 526 puellae

226 553 464 618 delectarentur
488 555 520 615 et
541 551 801 634 incenderentur,
820 549 889 615 fieri
912 571 978 614 non
1001 551 1123 634 potest,
1146 549 1222 635 quin
1240 549 1302 614 hoc
1320 548 1396 613 Pro-

225 660 321 744 pertii
345 660 416 724 loco
435 657 615 743 vituperari
635 678 672 722 ea
696 657 803 740 potius
822 678 918 741 quam
932 655 1157 742 ,commendari
1181 658 1352 722 statuatur.

312 764 436 830 Deinde
466 765 603 829 alterum
633 767 764 848 praesto
794 765 844 826 est
871 765 1095 847 argumentum
1128 761 1223 847 idque
1252 785 1289 826 ex
1317 761 1397 847 ipsis

223 872 385 957 Propertii
412 871 519 936 verbis
547 871 703 955 petitum,
730 891 793 955 quo
821 869 965 934 noluisse
996 871 1126 952 poetam
1154 867 1238 934 αἴτια
1265 869 1398 935 laudare

225 979 471 1044 demonstretur.
509 975 592 1041 Sunt
615 977 701 1041 enim
723 999 753 1041 v.
767 977 811 1040 44
834 976 933 1041 verba
955 976 1048 1040 haec:
1073 974 1185 1061 ‘Inque
1203 981 1277 1042 tuos
1296 977 1398 1062 ignes,

226 1087 303 1150 dure
326 1087 438 1169 poeta,
460 1083 553 1148 veni’.
590 1083 654 1168 Ea,
678 1083 706 1147 si
725 1083 961 1153 sententiarum
981 1083 1125 1147 ordinem
1143 1086 1311 1168 totumque
1331 1105 1399 1148 car-

224 1193 322 1258 minis
346 1196 573 1277 argumentum
595 1194 682 1255 recte
701 1193 811 1275 teneo,
833 1190 916 1254 nihil
936 1189 1024 1254 aliud
1043 1190 1225 1274 significare
1248 1182 1409 1255 videntur

224 1299 301 1364 nisi:
328 1298 459 1364 ‘condas
484 1299 640 1382 carmina,
665 1299 781 1381 quibus
806 1302 873 1362 tuos
891 1298 990 1380 ipsias
1009 1319 1135 1362 amores
1153 1297 1295 1363 tractes'.
1328 1297 1400 1362 Iam

225 1405 436 1471 concedamus
465 1405 532 1470 fere
561 1427 671 1469 omnes
701 1405 860 1469 aetiorum
890 1405 1010 1489 elegias
1038 1403 1121 1468 tales
1149 1403 1263 1487 fuisse,
1293 1402 1398 1488 qualis

225 1512 289 1577 fuit
303 1510 462 1598 Cydippe,
485 1511 623 1576 fabellas
647 1511 832 1595 amatorias,
850 1548 887 1558 —
905 1510 991 1596 quod
1011 1513 1168 1595 quantum
1187 1510 1362 1576 abhorreat
1381 1534 1400 1576 a

224 1641 309 1699 vero,
334 1618 429 1684 modo
452 1617 591 1682 vidimus
601 1615 626 1704 1)
651 1654 692 1663 —
717 1621 827 1682 tamen
850 1617 974 1681 laudari
998 1616 1059 1682 hoc
1088 1617 1228 1682 carmine
1254 1619 1340 1682 aetia
1369 1622 1401 1683 et

226 1723 444 1791 commendari
468 1724 643 1789 absurdum
667 1728 717 1789 est
740 1724 875 1788 credere.
912 1722 998 1788 Nam
1019 1723 1074 1808 qui
1097 1723 1235 1788 fabellas
1254 1724 1427 1790 imitatur·

227 1833 417 1916 amatoriae,
442 1853 568 1896 amores
592 1853 670 1894 sane
694 1831 849 1914 celebrat,
871 1852 938 1895 non
960 1832 1082 1895 tractat
1104 1849 1175 1895 suos
1197 1831 1296 1912 opacas
1315 1853 1401 1896 amo-

226 1962 287 2004 res.
323 1939 428 2024 Ergo,
457 1938 485 2003 si
513 1959 642 2003 versum
668 1938 762 2002 illum
785 1937 845 2021 44,
872 1941 909 2002 ut
935 1941 1081 2021 pareat,
1108 1937 1297 2022 premimus,
1328 1958 1401 2002 con-

228 2046 403 2112 cedendum
427 2047 477 2110 est
500 2045 610 2110 αἰτίων
634 2045 831 2130 exemplum,
853 2048 983 2128 recepta
1009 2044 1133 2109 scilicet
1151 2043 1401 2129 Hertzbergii

230 2159 410 2218 ceterorum
430 2153 716 2238 interpretatione,
735 2173 866 2236 prorsus
885 2153 994 2237 inepte
1014 2175 1034 2216 a
1051 2156 1148 2236 poeta
1168 2173 1237 2216 esse
1257 2152 1401 2216 allatum.

226 2259 341 2344 ltaque
365 2260 408 2323 sit
430 2258 510 2322 mihi
533 2259 641 2342 venia,
664 2258 764 2342 quod,
786 2279 827 2322 ne
850 2261 947 2341 poeta
969 2259 1077 2342 inepte
1100 2257 1250 2322 videatur
1272 2257 1401 2342 dixisse,

227 2369 316 2432 viros
340 2365 453 2431 doctos
476 2365 591 2429 mal'rm
615 2368 757 2429 statuere
781 2365 848 2429 eius
868 2365 967 2430 verba
991 2365 1097 2431 minus
1121 2369 1195 2449 apte
1219 2388 1288 2430 esse
1307 2365 1403 2430 inter-

227 2478 383 2559 pretatos.
469 2479 470 2483 ’

318 2579 465 2647 Tertium
488 2582 729 2664 argumentum,
758 2601 821 2664 quo
845 2580 987 2645 noluisse
1006 2585 1138 2664 poetam
1163 2581 1250 2644 aetia
1272 2579 1401 2663 Lynceo

229 2686 453 2753 commendare
477 2691 568 2751 extra
592 2708 722 2751 omnem
740 2687 874 2770 ponitur
892 2687 1139 2770 dubitationem,
1162 2689 1309 2770 repetere
1326 2685 1404 2750 licet

229 2817 246 2859 e
268 2793 365 2877 Prop.
384 2814 481 2857 carm.
499 2792 516 2856 I
536 2793 554 2856 7
575 2795 608 2856 et
627 2793 656 2876 9,
679 2792 765 2878 huic,
789 2792 827 2856 de
847 2814 910 2877 quo
930 2793 1047 2877 agitur,
1067 2798 1258 2878 argumento
1278 2793 1403 2858 similli-

228 2901 301 2965 mis.
338 2901 482 2976 Quorum
510 2899 617 2982 priore
645 2902 743 2983 poeta
769 2899 849 2964 haec
876 2899 943 2964 fere
968 2900 1047 2966 edit:
1075 2899 1137 2986 Tu,
1165 2901 1313 2983 Pontice,
1337 2922 1403 2965 car·

230 3008 316 3072 mine
340 3007 429 3092 epico
454 3006 602 3090 aequasti
624 3004 760 3071 Homeri
784 3007 936 3091 gloriam,
965 3029 1006 3072 ne
1034 3013 1145 3072 tamen
1174 3027 1308 3088 spernas
1331 3026 1404 3070 mea

229 3115 353 3179 leviora
376 3113 527 3178 nimirum
552 3113 698 3177 carmina
717 3111 833 3198 (Dum
846 3113 918 3176 tibi
942 3111 1100 3177 Cadmeae
1130 3111 1294 3196 dicuntur,
1320 3111 1402 3177 Po'n·

229 3222 306 3305 tice,
329 3220 459 3284 Thebae
478 3219 643 3304 Armaque
667 3219 828 3284 fraternae
847 3219 955 3282 tristia
974 3219 1111 3284 militiae
1134 3216 1253 3303 Atque,
1270 3219 1318 3282 ita
1341 3217 1403 3282 sim

229 3327 324 3410 felix,
342 3327 447 3410 primo
468 3320 637 3391 contendis
657 3325 799 3391 Homero
821 3376 828 3391 .
849 3375 882 3390 ..
905 3325 988 3409 Nos,
1007 3328 1045 3389 ut
1063 3346 1261 3408 consuemus,
1284 3329 1404 3390 uestros

230 3433 390 3518 agitamus
422 3454 548 3497 amores
581 3432 688 3516 Atque
721 3431 843 3516 aliquid
878 3432 993 3496 duram
1025 3431 1208 3516 quaerimus
1237 3431 1271 3494 in
1302 3430 1404 3497 domi-

230 3563 306 3605 nam
330 3590 337 3605 .
357 3587 364 3603 .
384 3588 391 3603 .
414 3537 463 3602 Tu
487 3560 564 3603 cave
583 3541 695 3603 nostra
712 3541 770 3602 tuo
791 3541 980 3603 contemnas
996 3537 1139 3602 carmina
1157 3535 1286 3624 fastu').
1318 3537 1404 3602 Nam
1494 3540 1497 3546 ⁴

231 3651 267 3710 tu
291 3666 417 3730 quoque
441 3645 562 3710 amoris
587 3643 907 3729 aliquando'laqueis
935 3644 1154 3728 implicaberis
1178 3642 1254 3730 l‘Te
1279 3667 1405 3730 quoque

232 3753 261 3818 si
285 3755 372 3817 certo
397 3773 476 3836 puer
498 3750 551 3815 hic
580 3751 779 3816 concusserit
801 3750 907 3836 arou')
932 3754 965 3815 et
987 3755 1066 3815 tunc
1089 3750 1214 3816 ridebis
1237 3752 1319 3816 nihil
1342 3751 1405 3815 tibi

232 3858 431 3924 Thebaidem
463 3862 554 3922 tuam
581 3855 733 3940 prodesse
763 3855 906 3942 (Longe
936 3863 1044 3938 castra
1072 3858 1147 3942 tibi,
1178 3859 1274 3943 longe
1307 3858 1405 3922 miser

233 3965 365 4050 agmina
388 3964 512 4047 septem
534 3961 643 4028 Flebis
667 3963 701 4027 in
726 3966 856 4028 aeterno
883 3963 983 4042 surda
1004 3965 1107 4030 iacere
1137 3962 1234 4049 situ')
1263 3963 1405 4047 optabis·

233 4143 446 4154 ............-—-·

323 4232 349 4299 1)
378 4227 421 4282 Ad
448 4229 520 4282 hano
548 4227 683 4284 inclinare
712 4229 880 4285 sententiam
909 4229 1021 4285 videtur
1047 4229 1202 4285 Rohdius
1228 4229 1247 4284 l.
1268 4246 1291 4284 o.
1315 4247 1341 4300 p.
1361 4235 1405 4297 89,

234 4335 404 4388 quamquam
428 4317 557 4373 concedit
577 4317 641 4388 ipsa
663 4318 822 4388 fragmenta
840 4319 947 4373 nullam
965 4317 1099 4388 praebere
1117 4335 1229 4385 ansam,
1253 4336 1309 4390 qua
1327 4319 1405 4374 fretis

235 4407 391 4477 complures
408 4405 494 4460 fuisse
513 4406 542 4460 in
561 4405 642 4461 sotiis
660 4406 792 4462 historias
812 4407 961 4462 amatorias
980 4406 1120 4463 affirmare
1138 4406 1231 4464 liceat.
