3186 5088
711 354 927 422 „44-

233 515 440 601 Thetidisque
473 517 596 600 nuptiis
634 516 788 601 carmine,
813 516 858 590 ,id
895 518 1024 600 praeter
1056 517 1162 580 cetera
1199 515 1325 580 monuit
1355 516 1405 580 in-

234 624 372 688 clinasse
394 627 526 708 poetam
550 624 591 688 ad
617 623 720 708 lyrica
742 623 834 708 quasi
865 624 990 687 cantica
1016 623 1114 706 epicis
1140 623 1206 686 suis
1234 642 1403 706 argumen-

230 730 274 794 tis
302 730 483 796 inserenda.
528 729 573 794 Et
604 730 638 794 id
671 731 800 814 quidem
828 733 865 794 ut
892 730 1130 795 demonstretur
1162 731 1291 812 praeter
1322 729 1404 794 illud

233 858 349 921 poema
373 837 481 902 afferri
503 840 642 920 possunt
664 837 763 901 etiam
785 835 880 920 Prop.
905 834 989 919 v4,
1013 857 1076 919 quo
1099 835 1134 899 in
1157 836 1299 900 carmine
1322 835 1405 920 vide,

234 947 314 1028 quot
336 945 481 1010 versibus
502 943 641 1027 Tarpeia
659 944 806 1028 querelas
831 965 905 1008 suas
929 942 1084 1027 effimdat,
1108 945 1140 1006 et
1158 943 1231 1026 ipsa
1249 940 1404 1026 Cydippe,

232 1051 267 1115 in
295 1073 359 1136 qua
387 1072 484 1135 quam
513 1049 716 1116 abundanter
745 1053 931 1134 querentem
960 1029 1136 1114 Acontium
1166 1049 1277 1114 fecerit
1306 1047 1405 1115 Calli-

234 1157 381 1242 machus,
403 1179 442 1221 ex
465 1156 672 1222 Aristaeneto
696 1157 850 1242 cognosci
873 1159 989 1241 potest.
998 1153 1022 1242 ¹)

323 1264 393 1329 Iam
415 1267 542 1330 restant
563 1287 669 1349 pauca
686 1263 725 1328 de
740 1263 898 1328 aetiorum
916 1264 1052 1347 prologo
1067 1262 1266 1346 exponenda.
1303 1263 1404 1340 Quem

237 1394 301 1456 qua
328 1371 454 1437 ratione
482 1371 663 1435 instituerit
690 1373 800 1456 poeta,
824 1369 904 1434 satis
929 1370 1046 1433 diserte
1070 1369 1164 1434 docet
1191 1370 1286 1454 illud,
1314 1372 1403 1436 cuius

233 1500 332 1563 supra
369 1478 567 1543 mentionem
598 1477 674 1561 feci,
712 1473 945 1563 epigrammal)
983 1476 1091 1541 verbis
1123 1476 1187 1542 his:
1226 1477 1403 1543 Βαττιάδαο

233 1590 337 1665 cocos
367 1585 560 1674 περίαυςτον
589 1584 698 1664 ὄνειαρ
728 1588 761 1649 et
789 1584 860 1650 εὖτέ
890 1604 941 1663 μιν
971 1584 1006 1648 ἐκ
1033 1583 1148 1663 Λιβύης
1182 1582 1331 1664 ἀναείρας
1359 1586 1404 1652 εἰς

231 1691 385 1757 Ἑλικῶνα
411 1694 531 1772 ἤγαγες
558 1693 594 1758 ἐν
623 1694 745 1771 μέςςαις
773 1690 950 1769 Πιερίδεςςι
977 1692 1098 1770 φέρων.
1140 1687 1278 1756 Constat
1304 1691 1405 1774 igitur

233 1795 467 1864 Callimachum
490 1798 612 1863 exordii
635 1799 706 1864 loco
731 1796 946 1862 somniantem
974 1819 1007 1862 se
1031 1797 1162 1862 finxisse
1186 1819 1363 1882 somnoque
1387 1821 1404 1864 e

230 1903 337 1988 Libya
361 1904 403 1968 ad
425 1903 616 1969 Heliconem
645 1904 803 1990 delatum3
830 1906 925 1987 atque
953 1904 987 1967 in
1016 1925 1053 1969 eo
1081 1906 1193 1969 monte
1222 1927 1295 1970 cum
1322 1906 1403 1990 ipsis

233 2011 429 2076 collocutum
460 2010 564 2076 Musis
596 2015 723 2076 tantam
756 2010 940 2076 fabularum
973 2032 1006 2075 se
1044 2010 1236 2096 cognovisse
1267 2013 1403 2095 copiam.

234 2115 347 2202 Neque
369 2118 465 2202 plura
484 2117 522 2182 de
546 2139 584 2183 ea
601 2140 635 2182 re
658 2118 807 2182 facienda
825 2118 924 2182 verba
944 2124 1062 2201 essent,
1081 2116 1144 2182 nisi
1168 2116 1365 2183 Heckcrus
1377 2117 1404 2206 3)

235 2225 465 2290 accuratiorem
499 2225 566 2290 eius
596 2225 724 2310 prologi
755 2224 907 2290 notitiam
938 2224 1001 2289 sibi
1033 2223 1196 2289 videretur
1223 2227 1406 2310 percepisse

234 2353 251 2395 e
274 2331 458 2415 fragmento
485 2331 561 2396 138:
585 2331 647 2396 ‘acl
661 2332 719 2396 τὸν
738 2332 791 2396 ἐπὶ
810 2331 918 2415 ῥάβδῳ
940 2336 1040 2411 μῦθον
1059 2331 1279 2412 ὑφαινόμενον
1293 2334 1405 2412 ἠνεκὲς

232 2435 329 2502 ἀείδω
354 2435 584 2517 δειδέγμενος’.
631 2436 723 2513 Quod
748 2439 979 2521 quiapropter
1007 2438 1166 2522 elegiacos
1189 2460 1340 2504 numeros
1364 2441 1406 2505 ad

232 2543 376 2609 Hecalen
407 2543 521 2608 referri
550 2547 702 2629 nequeat,
734 2545 775 2609 ad
808 2546 964 2610 aetiorum
991 2546 1165 2630 prologum
1190 2547 1405 2611 revocandum

237 2672 307 2716 esse
331 2653 452 2735 censet,
476 2650 586 2735 itaque
606 2650 692 2716 hunc
706 2652 773 2716 fere
793 2651 828 2716 in
848 2674 885 2717 eo
903 2652 1003 2717 fuisse
1023 2652 1255 2716 sententiarum
1273 2675 1405 2719 nexum:

234 2756 405 2822 ‘Nonnulli
439 2757 519 2821 artis
551 2758 695 2840 poeticae
726 2759 822 2841 plane
855 2758 965 2842 ignari
996 2757 1141 2842 mihique
1174 2757 1254 2823 adeo
1281 2759 1406 2824 inimici

234 2864 348 2949 lingua
377 2863 576 2938 ¹cavillatrice
605 2865 795 2929 calumniati
823 2867 899 2928 sunt
926 2886 993 2948 me,
1020 2864 1096 2949 quia
1123 2866 1246 2928 nullum
1275 2887 1405 2930 carmen

231 2970 364 3035 maioris
389 2970 530 3036 ambitus
554 2967 768 3057 composui⁴)‚
796 2972 854 3062 tali
883 2972 1020 3037 carmini
1049 2970 1217 3037 scribendo
1246 2972 1405 3055 imparem

231 3151 443 3159 -——-—---

322 3256 348 3322 1)
376 3253 506 3308 Ceterum
533 3254 592 3309 veri
619 3255 688 3308 fines
721 3253 835 3323 paulum
866 3269 992 3322 egressus
1020 3252 1131 3307 videtur
1158 3270 1217 3324 esse
1245 3252 1406 3308 Weiden-

231 3342 387 3411 bachius,
406 3360 469 3397 cum
484 3341 598 3396 dixerit:
619 3342 724 3413 ‘apicas
739 3340 809 3396 istas
823 3341 996 3397 narrationes
1011 3343 1070 3396 ideo
1084 3346 1192 3396 tactam
1205 3343 1338 3396 subiectas
1352 3358 1408 3396 ease

231 3430 409 3498 carminibus,
429 3433 461 3486 ut
479 3431 516 3486 ad
535 3447 582 3486 eas
601 3433 815 3485 annecterentur
829 3431 911 3500 lyrici
928 3447 1032 3499 versus,
1052 3433 1084 3483 ut
1102 3429 1202 3498 quibus
1219 3432 1283 3486 unis
1297 3431 1406 3501 elegiae

230 3519 273 3575 vis
291 3536 324 3574 ac
343 3521 443 3574 natura
461 3519 659 3574 contineatur'.
695 3519 769 3574 Nam
789 3518 876 3573 etiam
893 3519 923 3573 in
945 3519 1013 3589 ipsis
1037 3518 1096 3574 illis
1123 3519 1327 3575 narrationibus
1345 3520 1407 3590 glo·

230 3608 298 3663 riari
316 3608 440 3678 potuisse
461 3608 572 3664 ‘artem'
594 3608 846 3663 Alexandrinorum
865 3612 1080 3664 consentaneum
1102 3612 1144 3664 est
1162 3609 1289 3680 inprimis
1307 3609 1336 3664 in
1355 3611 1405 3665 de-

231 3696 384 3753 scribendis
402 3699 483 3753 rebus
502 3700 586 3767 atque
605 3697 737 3768 personis.

320 3817 347 3882 2)
366 3815 470 3868 Totum
488 3811 535 3866 hic
559 3813 732 3883 epigramma
755 3811 853 3867 afferre
877 3813 961 3867 libet:
983 3815 1018 3867 Ἀ
1041 3814 1111 3880 μέγα
1135 3815 1290 3868 Βαττιάδαο
1314 3821 1405 3882 cocco

229 3902 396 3970 aeplnucrov
418 3904 512 3970 ὄνειαρ
533 3903 570 3970 Ιῆ
599 3905 629 3969 ρ’
657 3904 736 3957 ἐτεὸν
764 3903 873 3969 κεράων
901 3904 966 3956 οὐδ’
989 3904 1141 3971 ἐλέφαντα(
1164 3904 1218 3970 ἕης.
1240 3903 1244 3973 Ι
1266 3909 1328 3957 τοῖα
1351 3904 1406 3971 γὰρ

230 3994 315 4059 ἄμμιν
332 3994 447 4060 ἔφηνας,
466 3991 515 4045 dr'
538 3993 571 4045 οὐ
594 3993 682 4060 πάρος
705 3992 802 4059 ἀνέρες
823 3992 903 4058 ἴδμεν
922 3993 927 4058 l
951 3991 1023 4059 ἀμφί
1045 4009 1075 4046 τε
1100 3993 1257 4046 ἀθανάτους
1280 3991 1351 4059 ἀμφί
1373 4009 1407 4046 τε

229 4081 373 4148 ἡμιθέους,
389 4081 394 4148 l
415 4080 477 4133 εῡτέ
501 4097 546 4146 μιν
569 4082 600 4134 ἐκ
618 4081 718 4148 Λιβύης
737 4079 866 4148 ἀναείρας
885 4080 924 4134 εἰς
944 4081 1078 4135 Ἑλικῶνα
1099 4082 1103 4151 Ι
1123 4084 1226 4147 ἤγαγες
1251 4082 1281 4135 ἐν
1300 4081 1408 4147 μέςςαις

230 4169 380 4238 Πιερίδεςςι
398 4169 524 4237 pepusa!
546 4170 574 4223 cl
597 4171 627 4224 δέ
651 4170 677 4223 ol
700 4169 834 4238 εἰρομένῳ
858 4171 933 4238 ἀμφ’
955 4170 1085 4235 ὠγυγίαν
1108 4171 1212 4238 ἡρώων
1234 4172 1238 4239 Ι
1259 4170 1335 4224 Αἴτια
1359 4172 1407 4222 καὶ

231 4259 362 4326 μακάρων
381 4259 457 4325 εἰρον
476 4259 659 4324 ἀμειβομένω.
696 4257 809 4312 Anthol.
828 4257 887 4313 Pal.
909 4258 959 4313 VII
981 4264 1023 4312 42.

321 4375 350 4442 3)
370 4373 475 4428 Comm.
496 4372 565 4429 Call.
584 4392 611 4443 p.
632 4378 674 4429 50.

320 4482 348 4550 4)
366 4481 477 4552 Fragm.
496 4487 561 4536 287:
581 4481 684 4536 εἵνεκεν
703 4481 755 4547 οὐχ
774 4481 804 4534 ἓν
822 4481 918 4547 ἀειςμα
936 4483 1059 4549 διηνεκὲς
1077 4484 1171 4550 ἤναςα.
