3186 5088
630 335 870 444 933-

173 518 279 602 capite
302 539 384 602 quae
408 516 628 600 continentur,
655 518 773 582 omnia·
787 515 959 581 subditioia
982 536 1053 580 esse
1077 515 1206 600 statuit3
1233 515 1347 580 deinde

174 625 281 709 quarti
304 625 421 709 capitis
445 629 478 689 et
500 625 746 710 inscriptionem
770 629 803 690 et
831 623 1009 689 stadiorum
1035 644 1199 709 numeros,
1231 622 1347 706 quibus

172 732 353 798 insularum
377 732 520 797 ambitus
544 733 779 816 describuntur,
800 732 1015 817 interpolatos
1034 731 1113 796 dicit
1132 751 1241 815 eaque,
1266 750 1347 814 quae

173 839 416 924 relinquuntur,
439 839 526 906 nuda
550 861 666 924 nempe
689 839 836 924 nomina,
860 861 932 904 cum
952 838 1155 903 antecedenti
1174 827 1278 921 capite
1301 837 1349 901 ita

174 966 245 1010 esse
269 946 495 1032 coniungenda
516 950 625 1031 putat,
653 950 691 1011 ut
715 946 814 1012 etiam
837 947 871 1012 in
895 947 942 1011 eis
966 950 1094 1029 auctor,
1121 944 1192 1028 quir
1222 965 1277 1008 eas
1299 943 1349 1006 in-

174 1052 261 1117 sulas
281 1051 385 1137 ‘quasi
406 1051 621 1137 condidisset',
643 1075 790 1118 enarrare
809 1053 950 1118 voluisse
968 1053 1125 1118 videatur.
1159 1051 1229 1127 Quo
1253 1048 1348 1114 modo

174 1160 230 1224 ubi
253 1182 270 1223 e
290 1160 430 1244 quinque
454 1160 614 1244 capitibus
637 1160 688 1225 vir
711 1159 825 1226 doetus
849 1160 913 1224 tria
937 1159 1042 1224 effecit
1064 1159 1187 1243 capita,
1215 1158 1349 1222 miratus

175 1265 313 1330 eundem
336 1287 406 1330 esse
429 1267 464 1330 in
487 1267 533 1331 eis
557 1271 655 1352 atque
679 1266 714 1330 in
733 1266 826 1330 aetiis
850 1287 958 1330 rerum
978 1265 1132 1348 ordinem,
1156 1286 1195 1329 ex
1217 1264 1269 1328 his
1292 1263 1351 1328 illa
1396 1279 1398 1284 ’

176 1372 295 1436 hausta
319 1393 389 1437 esse
413 1372 546 1457 colligit
589 1370 661 1450 Sed,
684 1376 722 1436 ut
744 1373 810 1437 iam
829 1372 904 1456 dixi,
928 1376 1129 1456 argumenta,
1153 1393 1234 1455 quae
1259 1370 1352 1435 affert

177 1479 217 1543 ad
240 1480 433 1545 firmandam
451 1502 543 1545 suam
562 1479 716 1559 dile‘rnciv,
739 1483 777 1544 ut
795 1477 955 1562 quadrant
974 1477 1210 1564 quodammodo
1233 1477 1268 1540 in
1284 1476 1353 1561 Hy-

176 1587 301 1671 ginum,
330 1588 378 1651 ita
406 1587 434 1651 si
462 1587 612 1671 ignotum
641 1585 772 1650 secundi
801 1608 831 1670 p.
855 1583 929 1650 Chr.
954 1586 1072 1650 saeculi
1102 1585 1351 1670 grammaticum

177 1695 343 1758 auctorem
367 1714 438 1757 esse
462 1691 623 1776 concedis,
647 1693 736 1757 omni
759 1693 826 1756 iam
846 1694 957 1758 carent
973 1690 1048 1779 vi.¹)
1084 1691 1130 1756 Et
1147 1690 1241 1756 valde
1266 1691 1353 1775 equi·

177 1800 251 1864 dem
270 1801 382 1885 miror,
407 1800 493 1884 quod
511 1800 562 1865 vir
581 1798 710 1884 doctus,
733 1820 807 1864 cum
825 1800 858 1862 in
879 1798 1088 1863 adnotatione
1107 1797 1153 1882 (p.
1165 1796 1222 1885 52)
1247 1802 1355 1882 poste-

178 1907 262 1972 riore
285 1910 432 1992 tempore
461 1905 572 1971 addita
594 1906 763 1990 Hyginum
784 1929 849 1972 non
873 1927 944 1971 esse
963 1909 1128 1971 auctorem
1152 1905 1355 1990 concesserit,

179 2016 348 2080 tamenin
371 2009 560 2097 contextu²)
583 2013 632 2076 ita
654 2035 723 2076 rem
747 2013 844 2098 gerit,
873 2035 911 2078 ao
935 2014 962 2076 si
984 2013 1046 2077 hac
1069 2035 1128 2077 sua
1152 2013 1356 2077 concessione

181 2123 380 2205 argumenta,
404 2142 485 2204 quae
504 2119 650 2203 protulit,
672 2120 763 2184 nullo
783 2120 879 2185 modo
898 2117 1141 2185 afflictarentur.
1173 2119 1262 2204 Ergo
1282 2141 1356 2183 cum

180 2248 219 2292 ex
242 2227 379 2291 arbitrio
402 2225 510 2310 potius
534 2247 631 2309 quam
654 2225 709 2290 via
732 2247 769 2290 ac
791 2227 919 2292 ratione
942 2226 1039 2292 istam
1062 2227 1113 2291 vir
1135 2224 1248 2291 doctus
1272 2226 1356 2309 oapi·
1460 2240 1462 2245 '

179 2336 250 2398 tum
273 2334 404 2398 illorum
427 2331 678 2416 dispositionem
701 2334 919 2419 constituerit,
942 2334 1075 2398 omnino
1098 2332 1181 2397 nihil
1200 2333 1272 2397 inde
1292 2332 1357 2398 col-

180 2439 241 2522 ligi
262 2460 360 2523 posse
384 2444 499 2522 sponte
522 2441 621 2523 patet.

271 2543 343 2609 Hac
365 2545 421 2609 ubi
443 2543 570 2608 ratione
592 2543 656 2608 tria
678 2544 737 2608 illa
759 2545 868 2628 capita
890 2567 929 2609 ex
953 2546 1048 2630 aetiis
1071 2546 1189 2611 hausta
1213 2567 1282 2610 esse
1305 2545 1357 2609 de-

182 2653 364 2716 monstrare
386 2649 509 2714 frustra
528 2653 663 2715 conatus
683 2653 746 2735 est,
769 2652 930 2735 peculiare
949 2651 988 2716 de
1007 2652 1112 2736 primo
1132 2651 1237 2736 capite
1262 2672 1356 2736 argu·

183 2760 328 2822 mentum
358 2757 460 2822 affert.
505 2756 567 2821 Est
595 2757 682 2821 enim
711 2756 796 2841 apud
824 2754 955 2823 Suidam
985 2755 1070 2842 (Ill
1097 2780 1128 2841 p.
1154 2756 1234 2843 349)
1267 2758 1357 2822 locus

182 2861 250 2927 hic:
289 2863 441 2943 Κόροιβος
470 2861 573 2941 ὄνομα
601 2864 711 2942 κύριον
738 2865 790 2927 καὶ
818 2864 925 2944 μωρόε
947 2884 994 2929 τι(
1016 2868 1142 2944 μετρῶν
1164 2866 1204 2929 τὰ
1227 2866 1357 2945 κύματα.

186 2969 399 3049 Καλλίμαχος·
421 2969 480 3034 τὸν
500 2969 620 3046 ὄγδοον
639 2969 684 3033 ὥ(
702 2991 737 3034 τε
759 2970 913 3050 Κόροιβον
932 2969 1041 3056 (frgm.
1056 2969 1144 3058 307).
1178 2969 1359 3054 Quaeritur,

184 3097 257 3140 oum
281 3078 347 3140 tres
370 3075 493 3140 fuerint
517 3076 586 3140 eius
609 3075 752 3140 nominis
781 3077 944 3162 homines,
973 3079 1027 3163 qui
1055 3078 1099 3142 sit
1124 3076 1358 3162 intellegendus

185 3181 270 3264 apud
284 3179 520 3247 Callimachum
535 3180 709 3248 Coroebus.
741 3181 920 3269 Phrygem,
939 3157 1013 3248 elim
1031 3184 1148 3269 ipsum,
1166 3205 1262 3268 quem
1280 3182 1360 3248 dicit

184 3409 253 3464 item
272 3427 295 3464 c.
315 3415 367 3464 2⁷⁷
387 3409 552 3465 Callimachi
571 3411 727 3467 doctrinam
746 3413 867 3480 subesse,
887 3414 997 3468 obwohl
1016 3412 1062 3469 die
1076 3413 1280 3484 interpolation
1297 3413 1359 3468 hier

186 3499 348 3554 abtndemd
366 3499 423 3552 und
441 3500 590 3555 ausetaeud
608 3517 638 3555 so
657 3502 855 3557 unverschtmt
873 3502 1115 3572 gewirthschaftet
1132 3503 1205 3557 habe
1225 3545 1230 3556 .
1247 3543 1275 3556 ..
1295 3502 1359 3556 dass

186 3585 236 3638 der
263 3585 556 3657 Kallimachusgehalt
583 3603 614 3642 ro
642 3588 771 3644 aiemlioh
794 3590 975 3660 veriliichtigt
997 3591 1050 3661 sei,
1076 3608 1107 3647 so
1130 3589 1190 3645 will
1212 3590 1258 3645 ich
1282 3591 1362 3645 nicht

186 3672 298 3743 fragon:
325 3692 368 3731 wo
391 3675 482 3731 bleibt
504 3676 623 3732 alodann
646 3677 695 3732 der
712 3677 813 3732 Werth
831 3694 886 3733 von
909 3677 1007 3732 Schns
1029 3677 1209 3749 Hypothese?
1227 3679 1359 3734 sondern:

187 3779 232 3817 wo
250 3762 340 3817 bleibt
359 3763 403 3818 die
421 3763 547 3834 logische
566 3765 775 3835 Berechtigung
793 3765 946 3836 derselben,
965 3784 1008 3822 wo
1027 3767 1140 3822 bleiben
1158 3768 1296 3822 nunmehr
1315 3767 1360 3821 die

186 3851 324 3921 Indizien,
348 3852 414 3906 dass
432 3853 483 3908 der
504 3855 616 3910 frithere
641 3852 764 3910 Bestand
787 3854 877 3910 dieser
895 3855 1004 3927 Capitel
1026 3871 1076 3910 aus
1098 3855 1287 3911 Callimachus
1313 3859 1361 3911 ab·

190 3941 307 4010 geleitet
325 3949 472 4012 genesen?

280 4034 305 4100 1)
327 4031 436 4100 ‘Neque
456 4031 532 4086 enim
550 4032 666 4088 dubium
684 4050 745 4089 esse
763 4035 865 4105 potest,
885 4035 953 4103 quin
972 4051 1067 4090 eorum
1085 4035 1210 4105 capitum
1228 4034 1361 4090 alterum-

189 4122 282 4174 utrum
302 4120 515 4190 supposititium
541 4120 585 4176 sit.
623 4122 723 4176 Utrum
746 4124 840 4177 autem
865 4121 951 4190 dieat,
974 4141 1057 4178 nemo
1081 4123 1202 4179 incertus
1225 4123 1362 4193 haerebit,

189 4208 238 4263 ubi
257 4208 484 4264 demonstravero
503 4212 615 4280 praeter
633 4209 718 4279 primi
737 4212 811 4280 (2⁷3)
837 4210 938 4281 capitis
961 4212 1045 4266 finem
1068 4211 1153 4267 etiam
1177 4211 1293 4266 secundi
1316 4228 1361 4266 ca-

189 4296 258 4366 pitio
276 4295 423 4352 materiam
441 4314 456 4352 e
475 4297 601 4369 Vergilio
620 4315 680 4354 esse
699 4298 836 4354 haustam.
856 4317 922 4355 nam
939 4300 980 4356 ita
998 4317 1014 4355 e
1030 4299 1155 4370 Vergilio
1174 4299 1296 4370 pendere
1314 4315 1362 4354 vo·

191 4384 276 4440 luisse
295 4385 441 4456 Hypioam
460 4389 676 4444 eruditissimam
693 4389 784 4444 virum
802 4405 915 4458 prorsus
934 4393 978 4444 est
994 4389 1170 4446 incredibile’
1191 4407 1218 4459 p.
1238 4395 1281 4443 50.

280 4480 307 4546 2)
327 4472 502 4536 Verbotenus
521 4494 536 4532 e
556 4481 764 4548 programmate
784 4481 876 4549 (1851)
894 4479 924 4534 in
943 4479 1132 4536 Callimachea
1149 4477 1308 4534 uersieeto.

1132 4576 1148 4624 3
