3186 5088
648 1251 798 1349 Oaput
825 1251 1030 1328 tertium.

343 1462 413 1528 Iam
437 1463 532 1527 fessis
552 1464 682 1528 assiduo
700 1464 795 1530 nobis
815 1464 988 1528 certamine
1009 1464 1142 1548 paulum
1165 1463 1263 1528 liceat
1286 1468 1425 1529 mentem

254 1571 421 1636 remittere
445 1573 477 1634 et
501 1571 542 1636 ad
561 1593 598 1636 ea
617 1570 752 1657 aggredi
771 1572 973 1655 exponenda,
996 1593 1077 1655 quae
1100 1571 1263 1637 nobismet
1285 1572 1364 1655 ipsis
1388 1572 1427 1635 de

255 1677 347 1742 actiis
380 1679 432 1743 vel
464 1679 539 1742 sciri
570 1678 621 1742 vel
654 1678 867 1762 probabiliter
903 1677 1078 1742 coniectari
1113 1699 1210 1762 posse
1247 1678 1427 1743 videantur.

255 1781 357 1859 Quem
380 1784 487 1849 locum
510 1806 577 1849 non
599 1785 646 1849 ita
668 1784 904 1849 instituendum
927 1804 997 1848 esse
1020 1783 1145 1868 putavi,
1173 1789 1210 1849 ut
1232 1785 1428 1869 perlustrata

253 1893 326 1953 tota
356 1890 614 1975 fragmentorum
646 1892 731 1956 mole
764 1912 966 1976 quaererem,
998 1911 1079 1975 quae
1111 1891 1241 1977 singula
1270 1892 1303 1956 in
1334 1891 1427 1958 aetiis

255 2000 449 2082 argumenta
471 2001 568 2083 poeta
586 1998 802 2063 tractavisset.
837 1997 923 2062 Huic
937 1997 1023 2061 enim
1037 1997 1221 2080 quaestioni
1240 1998 1318 2063 adeo
1338 2019 1427 2063 accu-

254 2106 359 2168 ratam
378 2102 575 2169 Rauchius
600 2126 732 2189 operam
756 2105 902 2189 navavit,
925 2107 963 2168 ut
981 2103 1085 2169 denuo
1106 2126 1178 2168 eam
1196 2107 1339 2168 tractare
1357 2127 1428 2168 mea

227 2228 231 2234 ’
255 2209 384 2291 quidem
409 2211 570 2275 sententia
593 2213 867 2294 supervacaneum
891 2211 942 2275 sit.
988 2209 1092 2274 Immo
1122 2211 1202 2275 satis
1231 2212 1275 2275 sit
1301 2212 1336 2276 in
1358 2211 1428 2276 uni-

254 2335 384 2380 versum
407 2315 445 2379 de
469 2318 628 2382 aetiorum
651 2319 778 2383 ratione
801 2321 834 2381 et
857 2321 1047 2403 argumento
1076 2318 1177 2383 allato
1210 2316 1262 2382 hic
1285 2317 1353 2383 illic
1375 2338 1427 2381 ex-

255 2421 362 2505 emplo
386 2421 539 2486 iudicium
561 2423 654 2487 ferre.
693 2423 763 2499 Qua
786 2424 876 2487 inre
901 2424 929 2488 si
951 2444 1056 2507 pauca
1079 2425 1209 2488 tantum
1232 2423 1309 2487 sciri
1331 2443 1427 2507 posse

256 2528 438 2612 apparebit,
461 2550 502 2594 ne
525 2527 607 2593 mihi
629 2529 663 2594 id
685 2529 826 2614 crimini,
847 2521 920 2612 bro,
944 2529 1093 2614 dueatur;
1116 2551 1193 2593 nam
1217 2529 1332 2594 melius
1356 2551 1428 2612 pro-

254 2633 340 2698 fecto
368 2635 403 2700 in
432 2636 491 2719 eis,
522 2657 604 2720 quae
631 2636 845 2719 probabiliter
872 2635 1018 2700 concludi
1046 2638 1199 2718 possunt,
1228 2635 1428 2719 acquiescere

256 2762 366 2825 quam,
389 2741 422 2804 id
446 2742 532 2825 quod
546 2740 856 2829 Schneiderum¹)
881 2741 1081 2806 commisisse
1102 2741 1256 2827 vidimus,
1279 2742 1428 2827 neglecta

257 2850 289 2911 et
312 2848 439 2913 ratione
463 2851 495 2912 et
518 2870 615 2912 aurea
637 2849 695 2913 illa
720 2848 897 2916 ‘nesciendi
922 2846 1008 2913 arte'
1031 2847 1197 2915 hariolari.

345 3078 371 3145 1)
391 3076 447 3143 Qui
464 3077 554 3146 certe,
573 3092 637 3130 cum
656 3093 707 3131 sua
725 3077 759 3132 de
778 3075 883 3147 Hygini
905 3077 963 3130 illis
986 3076 1125 3146 capitibus
1148 3077 1289 3131 sententia
1311 3078 1428 3133 confisus

256 3168 285 3220 et
302 3165 411 3235 ingenti
429 3167 649 3236 fragmentorum
667 3183 782 3220 numero
797 3167 833 3220 ad
847 3165 923 3220 aetia
935 3167 1040 3220 temere
1055 3166 1186 3220 revocato
1202 3183 1259 3220 non
1272 3169 1340 3234 tam,
1355 3183 1425 3236 quae

256 3255 340 3310 fuerit
354 3272 448 3310 eorum
464 3256 545 3321 ratio,
565 3255 773 3311 adumbraverit
791 3271 876 3322 quam
895 3253 1095 3310 sententiarum
1114 3253 1249 3324 ordinem,
1269 3271 1353 3323 quem
1372 3258 1427 3308 sin-

256 3343 330 3413 gulis
349 3346 434 3413 poeta
453 3343 623 3399 carminibus
642 3345 753 3398 secutus
772 3346 854 3413 esset,
873 3345 1002 3398 accurate
1021 3330 1178 3414 protulerit,
1194 3342 1426 3399 Schneiderianae

255 3432 350 3501 potius
369 3449 453 3498 quam
472 3431 678 3487 Callimacheae
697 3432 789 3501 poesis
808 3431 962 3501 specimina
979 3431 1100 3486 edidisse
1118 3431 1239 3489 videtur.
1271 3432 1314 3487 Ne
1332 3434 1428 3487 tamen

257 3519 316 3575 eins
330 3521 436 3589 placita
449 3520 595 3577 fastidiose
609 3521 703 3591 potius
717 3521 855 3591 respuisse
870 3538 955 3590 quam
964 3521 1115 3591 diligenter
1128 3521 1265 3577 refellisse
1274 3522 1428 3589 videamur,

256 3610 367 3681 praeter
386 3625 429 3677 ea,
453 3625 524 3677 quae
543 3626 628 3680 supra
646 3609 741 3680 tetigi,
765 3609 842 3665 aliud
865 3609 963 3665 afferre
985 3611 1071 3665 liceat
1092 3611 1266 3681 exemplum:
1290 3612 1370 3667 illam
1393 3610 1428 3665 de

256 3696 326 3754 Lino
355 3698 513 3766 historiam,
536 3716 621 3767 quam
643 3698 781 3768 peculiari
803 3699 918 3768 poetam
941 3698 1062 3754 carmine
1085 3701 1221 3756 tractasse
1244 3701 1304 3755 iure
1328 3698 1429 3755 statuit

256 3785 430 3843 Rauchiut
448 3806 477 3859 p.
499 3794 539 3857 12,
560 3787 788 3844 Schneiderus
808 3791 844 3858 (p.
860 3793 902 3856 62,
922 3789 967 3856 63)
987 3787 1013 3842 ei
1035 3787 1169 3844 insertam
1192 3789 1278 3844 fuisse
1298 3788 1429 3858 opinatur

257 3875 378 3945 elegiae,
402 3878 510 3945 quade
533 3877 630 3932 Danao
653 3877 784 3932 ludorum
806 3876 975 3946 Argivorum
997 3877 1110 3931 auctore
1132 3879 1246 3948 poetam
1268 3877 1429 3947 exposuisse

258 3965 312 4019 sibi
335 3965 423 4021 finxit.
463 3965 534 4020 Sunt
556 3965 631 4021 enim
654 3965 862 4035 Pseudohygini
884 3965 971 4020 verba
993 3964 1076 4020 haec:
1105 3965 1221 4031 ‘Quinto
1248 3966 1311 4021 loco
1337 3965 1428 4035 Argis,

259 4070 328 4124 quos
355 4054 423 4109 fecit
450 4055 564 4110 Danaus
588 4056 649 4110 Beli
671 4055 745 4110 filius
768 4054 889 4108 filiarum
912 4053 1019 4124 nuptiis
1042 4055 1139 4122 cantu,
1162 4054 1235 4109 unde
1257 4055 1429 4124 hymenaeus

258 4143 370 4198 dictus'.
408 4143 557 4200 Concludit
579 4144 623 4198 vir
645 4144 744 4199 doetus
768 4160 784 4198 e
808 4142 900 4198 verbis
926 4143 1010 4198 ‘unde
1033 4144 1204 4212 hymenaeus
1229 4143 1332 4198 dictus’
1357 4159 1429 4212 qnae

257 4232 342 4301 plane
362 4233 444 4289 aliter
462 4233 629 4303 explicanda
647 4250 708 4289 esse
726 4233 799 4288 infra
818 4232 977 4299 samniam,
996 4231 1159 4301 primarium
1179 4231 1238 4286 eius
1257 4232 1365 4302 elegiae
1384 4249 1427 4288 ar-

257 4323 422 4390 gumentum
440 4322 526 4378 fuisse
544 4325 663 4378 mortem
681 4322 846 4391 Hymenaei.
882 4321 920 4375 At
942 4337 1008 4375 vero
1031 4319 1183 4373 multarum
1208 4319 1243 4374 de
1266 4320 1428 4390 Hymenaeo

258 4425 330 4476 quae
353 4409 481 4466 feruntur
503 4412 662 4467 fabularum
683 4429 718 4467 ne
745 4429 831 4467 unam
854 4409 969 4479 quidem
995 4408 1032 4464 ad
1058 4407 1186 4463 Danaum
1214 4409 1329 4479 eiusque
1355 4411 1428 4466 filias

256 4497 396 4568 pertinere
414 4497 537 4565 invenio;
556 4494 648 4569 ne'que
666 4499 726 4569 ipse
752 4497 980 4554 Schneiderus
1004 4497 1144 4569 exposuit,
1163 4515 1219 4567 qua
1236 4499 1345 4554 ratione
1364 4517 1429 4554 cum
