3186 5088
728 359 944 426 „28-

249 520 304 585 det
336 520 617 606 argumentatione
645 543 723 586 usus
756 520 824 586 fere
854 521 928 586 hac:
960 521 1129 587 Traditum
1157 525 1207 586 est
1242 519 1420 586 Phalacrae

249 627 369 693 montis
402 628 601 693 mentionem
632 627 747 693 fecisse
780 625 1018 693 Callimachum
1050 629 1085 693 in
1116 629 1221 712 primo
1259 628 1420 693 cetiorum

248 733 332 800 libro
342 730 385 819 1);
408 734 444 798 in
467 733 580 799 eodem
603 737 712 814 autem
730 737 840 800 monte
858 734 1009 799 Paridem
1033 735 1215 819 expositum
1241 756 1311 799 esse
1335 733 1420 819 apud

249 837 438 906 Oolluthum
462 843 568 906 exstat
582 837 743 928 ,laborat
780 841 895 907 Porro:
917 841 1073 906 traditum
1098 845 1148 906 est
1174 841 1262 907 tauri
1283 840 1419 906 alicuius

249 947 447 1012 mentionem
479 947 594 1012 fecisse
622 946 858 1013 Callimachum
889 948 924 1011 in
956 949 1060 1032 primo
1097 949 1256 1014 aetIorum
1287 944 1419 1032 libro³)3

248 1057 378 1119 taurum
397 1056 504 1118 autem
524 1055 664 1139 aliquem
683 1055 717 1118 in
732 1055 856 1119 deliciis
874 1053 1028 1119 habuisse
1046 1053 1196 1119 Paridem
1216 1054 1300 1138 apud
1320 1054 1420 1140 Hygi-

247 1182 327 1224 num
350 1163 457 1225 exstat
473 1161 584 1226 fabula
599 1159 710 1248 (XCI).
747 1160 837 1246 Ergo
856 1151 1031 1246 utrumque
1050 1160 1240 1226 Callimachi
1259 1161 1420 1246 fragmen-

248 1254 319 1332 tum
338 1267 379 1332 cd
393 1265 545 1332 Paridem
563 1269 725 1352 pertinere
744 1270 815 1333 luce
835 1269 952 1332 clarius
972 1272 1031 1333 est.
1070 1267 1140 1343 Quo
1160 1289 1322 1347 concesso,
1342 1290 1419 1353 quo-

247 1374 337 1439 niam
364 1374 461 1458 primi
488 1379 624 1460 uterque
652 1375 742 1440 locus
775 1375 852 1439 libri
884 1378 946 1458 est,
985 1375 1060 1460 quid
1090 1374 1297 1440 verisimilius
1324 1397 1421 1461 quam

169 1479 172 1486 ’
248 1503 286 1547 eo
309 1482 394 1548 libro
421 1481 460 1546 de
486 1481 570 1546 ludis
598 1484 729 1564 poetam
758 1481 876 1566 egisse,
904 1482 1021 1566 quibus
1045 1481 1195 1546 Priamus
1224 1483 1297 1567 filii,
1325 1505 1420 1567 quem

248 1592 412 1655 mortuum
435 1609 505 1653 esse
529 1588 736 1673 opinabatur,
767 1609 878 1653 manes
906 1588 1116 1653 reconciliare
1145 1588 1301 1673 studeret3
1329 1611 1420 1673 prae·

248 1697 361 1761 sertim
384 1717 457 1760 cum
476 1699 606 1760 taurum
621 1695 715 1759 illum
733 1695 871 1778 praemii
889 1695 961 1760 loco
980 1694 1093 1758 inillis
1111 1694 1196 1759 ludis
1214 1695 1316 1760 fuisse
1334 1697 1420 1780 lega·

248 1825 329 1868 mus.
367 1801 402 1868 si
425 1807 535 1867 autem
558 1801 597 1866 de
621 1802 666 1866 eis
690 1801 775 1866 ludis
798 1801 903 1885 primo
927 1801 1086 1866 aetiorum
1110 1800 1194 1866 libro
1218 1803 1298 1886 egit,
1322 1803 1421 1868 etiam

248 1931 360 1977 omnes
383 1909 519 1974 iunctim
542 1930 579 1974 eo
597 1909 682 1973 libro
701 1907 794 1974 ludos
809 1909 1002 1974 tractavisse
1020 1911 1150 1991 poetam
1169 1911 1421 1974 consentaneum

248 2021 307 2083 est.
327 2055 367 2065 -
393 2015 463 2091 Qua
478 2016 756 2101 argumentatione
775 2015 947 2100 quicquam
965 2015 1098 2099 probari
1116 2037 1211 2080 nemo
1232 2019 1317 2080 certe
1337 2015 1421 2080 affin

248 2123 394 2190 moverit.
424 2119 573 2186 Primum
587 2121 674 2185 enim
688 2143 801 2187 vocem
819 2125 937 2200 ratpot
956 2124 988 2185 et
1001 2142 1120 2187 nomen
1134 2120 1313 2186 Phalaorae
1332 2144 1421 2186 mou-

247 2233 290 2297 tis
313 2230 431 2296 inillis
451 2227 644 2294 Callimachi
661 2228 854 2314 fragmentis
873 2228 973 2293 etiam
993 2226 1034 2292 ad
1053 2229 1240 2294 aliamulta
1258 2229 1421 2313 pertinere

247 2360 343 2423 posse
363 2338 556 2421 argumenta
579 2335 650 2420 quis
673 2335 792 2418 neget?
820 2333 945 2400 Deinde
968 2334 1037 2400 iure
1057 2339 1169 2400 monet
1192 2332 1420 2422 Rauchius4)

247 2447 323 2511 illos
346 2443 440 2509 ludos
463 2442 498 2508 in
520 2441 676 2508 honorem
699 2441 825 2506 Paridis
849 2442 1043 2527 celebratos,
1071 2465 1143 2507 cum
1167 2443 1267 2506 semel
1293 2445 1420 2507 tantum

249 2551 404 2617 celebrati
427 2551 506 2633 sint,
529 2571 589 2614 nec
611 2549 790 2632 posteriore
813 2550 960 2632 tempore
978 2548 1099 2613 fuerint
1117 2549 1196 2635 ludi,
1221 2549 1276 2634 qui
1295 2550 1336 2614 ab
1355 2539 1426 2613 illis'

248 2659 408 2743 originem
430 2656 593 2740 duxerint,
617 2656 748 2721 omnino
772 2676 839 2720 non
862 2658 974 2739 aptum
1003 2655 1118 2740 fuisse,
1149 2656 1234 2742 quod
1256 2657 1292 2720 in
1315 2656 1420 2720 Aetiis

246 2767 454 2847 tractaretur,
477 2759 746 2849 argumentum.⁵)
784 2759 950 2826 Sententia
973 2761 1074 2845 igitur
1097 2761 1327 2828 Schneideri
1353 2784 1420 2828 non

338 2977 364 3042 1)
385 2974 476 3030 Schol.
496 2973 576 3028 ADL.
596 2973 633 3027 ad
650 2973 682 3027 Il.
703 2973 769 3028 VIII
786 2979 834 3028 48:
857 2972 922 3040 τρία
944 2973 974 3027 δέ
998 2972 1061 3027 εἰςιν
1085 2975 1244 3042 ἀκρωτήρια
1266 2978 1318 3041 τῆς
1341 2974 1420 3041 Ἴδης,

247 3064 359 3132 Λεκτόν,
371 3065 520 3131 Γάργαρον,
531 3063 672 3132 Φαλάκρη,
681 3063 786 3117 τούτου
802 3061 967 3130 μνημονέὺει
977 3061 1145 3129 Καλλίμαχος
1155 3063 1185 3117 ἐν
1193 3063 1298 3132 πρώτῳ
1309 3061 1420 3118 Αἰτίων.

336 3155 364 3220 2)
381 3152 463 3220 Rapt.
483 3152 608 3206 Helenae
629 3157 662 3205 14
681 3168 737 3220 seq.

336 3242 363 3310 3)
383 3240 475 3310 Prgm.
492 3236 553 3296 131³:
571 3246 678 3308 ταῦρον
697 3241 829 3308 ἐριμύκην
848 3240 886 3294 εἰ(
904 3240 967 3294 ἑνὸς
986 3239 1144 3307 ἀντερὲτου,
1164 3238 1240 3294 varie
1259 3255 1276 3292 a
1295 3239 1420 3308 complu·

196 3329 208 3342 “
246 3329 323 3384 ribus
341 3328 409 3389 uiris
428 3329 518 3384 doctis
535 3329 690 3396 tentatum,
710 3329 758 3397 qui
776 3329 879 3383 vellem
897 3329 1089 3398 reputassent,
1107 3346 1174 3382 num
1193 3327 1287 3383 sanari
1304 3329 1420 3383 omnino

247 3417 338 3488 possit
354 3419 552 3487 fragmentum,
572 3418 647 3487 quod
665 3417 737 3473 adeo
760 3417 796 3472 ab
820 3417 939 3486 utraque
962 3419 1042 3486 parte
1064 3419 1195 3472 truncum
1219 3417 1275 3485 est,
1297 3417 1331 3470 ut
1353 3414 1421 3484 quid

247 3524 281 3562 eo
300 3507 392 3563 dicere
410 3507 532 3563 voluerit
547 3509 641 3576 poeta,
659 3506 717 3560 iam
734 3505 813 3561 nullo
831 3506 916 3560 modo
941 3505 1031 3575 possit
1052 3504 1182 3574 perspici.
1219 3503 1306 3559 Velut
1327 3503 1420 3558 hario-

247 3597 322 3651 latur
342 3595 586 3664 Schneiderus,
606 3595 654 3665 qui
672 3612 723 3666 pro
742 3595 780 3650 etc
794 3594 917 3650 scribens
931 3595 970 3649 εἷ(
984 3593 1087 3648 dixisse
1101 3596 1215 3664 poetam
1230 3595 1325 3649 censet
1344 3593 1420 3646 ‘eum

246 3687 359 3740 taurum
377 3703 395 3740 a
413 3684 583 3740 satellitibus
593 3683 687 3740 Parim
701 3683 908 3741 vindicaturum
921 3684 1016 3753 fnisse,
1027 3684 1051 3738 si
1064 3683 1101 3738 ab
1115 3700 1170 3738 uno
1184 3682 1245 3753 ipso
1260 3682 1421 3752 eripiendus

247 3775 347 3831 luisset
364 3775 414 3830 uni
432 3775 613 3830 adversario'.
1228 3809 1229 3814 =

336 3867 365 3934 4)
383 3864 412 3919 P.
435 3870 463 3918 τι
482 3863 534 3918 Die
549 3862 780 3933 Unmbgliohheit
797 3863 862 3917 dass
881 3860 930 3915 der
943 3860 1175 3931 Pseudohyginus
1189 3861 1243 3915 den
1261 3859 1356 3915 Aitien
1370 3860 1420 3914 des

247 3953 439 4008 Kallimachos
456 3953 555 4021 folgto,
574 3953 667 4022 ergibt
686 3952 745 4007 sich
764 3952 832 4007 aber
845 3949 971 4021 sogleich
985 3950 1094 4018 daraus,
1113 3950 1178 4027 dass
1194 3967 1223 4004 er
1237 3949 1310 4004 auch
1324 3948 1420 4004 solche

248 4042 341 4112 Spiele
360 4041 500 4110 auffthrh,
519 4041 640 4110 welche,
659 4039 793 4110 lediglich
811 4039 966 4109 Erfindung
989 4039 1117 4110 epischer
1135 4038 1264 4104 DIchter‚
1289 4054 1342 4091 nur
1360 4036 1419 4092 ein-

247 4132 306 4186 mal
324 4119 535 4201 stattgefunden
558 4130 650 4186 haben
674 4129 764 4185 sollen
785 4128 843 4184 und
864 4127 945 4183 nicht
967 4128 1012 4184 die
1035 4126 1191 4198 mythische
1210 4125 1421 4196 Veranlassung

248 4220 278 4274 in
293 4220 343 4274 der
356 4220 542 4275 historischen
555 4219 616 4274 Zeit
628 4218 870 4275 fortbestehender
882 4216 965 4274 Peste
979 4217 1127 4288 geworden
1142 4232 1242 4270 waren.
1280 4215 1319 4270 Zu
1334 4215 1421 4284 jenen

248 4309 350 4380 gohtrt
368 4352 374 4364 .
391 4351 419 4364 ..
439 4307 485 4363 die
504 4298 715 4376 Leiehenspiele
733 4325 768 4360 uu
785 4306 878 4362 Ehren
897 4306 946 4360 des
964 4305 1050 4360 Paris.

338 4400 365 4468 5)
386 4396 468 4464 Quod
485 4412 553 4452 vero
573 4395 802 4450 Schneiderus
821 4395 881 4450 eim
894 4393 1029 4450 historiae
1043 4394 1131 4448 αἴτιον
1150 4393 1234 4448 fuisse
1248 4392 1319 4448 dicit
1334 4392 1420 4446 ‘unde

250 4487 387 4554 evenerit,
411 4486 444 4540 ut
460 4485 491 4540 in
510 4483 663 4540 maioribus
682 4483 848 4554 quibusdam
867 4483 1013 4556 agonibus,
1030 4484 1110 4539 velut
1129 4480 1265 4554 Olympiis
1284 4483 1314 4536 et
1330 4481 1421 4534 Pana-
