3186 5088
676 381 890 444 ..45-

197 563 278 609 esse.
318 541 388 608 Hos
412 562 472 627 ego
497 542 716 625 cavillatores,
740 542 802 606 etsi
821 561 920 625 opera
938 541 1066 626 poetica
1084 563 1149 606 non
1167 543 1369 628 longitudine

200 649 255 715 sed
278 650 481 733 praestantia
503 648 667 713 metienda
690 670 760 713 csse
784 652 895 732 putem
903 644 941 734 ¹),
964 646 1124 713 mendacii
1146 671 1232 714 nunc
1256 650 1368 715 evinco

199 759 232 820 et
246 756 381 841 longum
396 777 524 820 carmen
537 756 644 821 facere
659 755 832 842 aggredior
847 753 927 820 ete.'.
959 754 1050 831 Quod
1065 756 1238 840 quominus
1253 757 1369 840 probe-

195 885 283 948 mus,
305 863 447 947 primum
470 862 503 926 id
525 863 691 946 prohibet,
719 862 818 947 quod,
841 885 914 927 cum
938 862 1089 947 elegiacis
1113 863 1199 927 aetia
1226 863 1368 928 numeris

157 973 159 976 ’
197 969 382 1052 conscripta
405 968 540 1052 fuerint,
563 990 630 1034 non
652 972 827 1053 potuerunt
849 968 912 1033 dici
935 973 1035 1048 pocot
1058 969 1110 1032 ἐπὶ
1138 968 1246 1054 ῥάβδῳ
1274 969 1369 1050 ὑφαί-

197 1075 346 1161 νόμενοε,
379 1098 461 1161 quae
489 1080 645 1160 quantum
672 1076 820 1161 equidem
849 1077 929 1161 scio,
958 1077 999 1141 ad
1026 1077 1118 1159 epioe
1145 1079 1274 1141 tantum
1301 1098 1369 1140 car·

197 1183 284 1246 mina
309 1180 505 1269 quadrant²)
546 1182 669 1248 Deinde
693 1206 758 1249 non
781 1185 860 1249 adeo
883 1183 1086 1269 neglegenda
1108 1182 1259 1249 videntur
1277 1181 1370 1248 seho-

196 1289 311 1354 liastae
334 1290 436 1374 illius,
464 1291 677 1375 qualicunque
705 1289 768 1354 fuit
798 1290 943 1375 ingenio,
966 1290 1066 1354 verba
1088 1287 1179 1354 haec:
1210 1288 1369 1367 ‘’Errulei

197 1398 249 1461 διὰ
276 1398 401 1462 τούτων
428 1399 504 1462 τοὺ(
535 1398 739 1462 (semoveat
767 1397 867 1462 αὐτὸν
895 1399 935 1476 μὴ
960 1397 1111 1462 δύναεθαι
1134 1401 1260 1474 ποιῆεαι
1288 1398 1369 1476 μέγα

197 1504 328 1584 ποίημα,
353 1504 429 1570 ὅθεν
450 1505 631 1583 ἠναγκάεθη
651 1510 778 1584 ironicus
792 1510 851 1583 τῆν
864 1502 1016 1583 Ἑκάλην’
1040 1501 1146 1568 Schol.
1161 1501 1242 1568 Call.
1260 1503 1370 1585 hymn.

196 1611 230 1674 in
249 1610 310 1694 Ap.
332 1612 404 1675 106.
440 1609 527 1676 Nam
547 1611 624 1674 licet
643 1632 701 1674 suo
725 1611 793 1675 iure
817 1610 880 1675 hoc
903 1610 942 1674 de
966 1632 1004 1674 eo
1027 1609 1181 1674 iudicium
1204 1609 1369 1675 Valcke-

195 1717 330 1781 narius
354 1717 481 1781 tulerit:
504 1713 648 1781 ‘Scholia
670 1716 860 1781 recentioris
885 1716 1050 1781 cuiusdam
1080 1718 1283 1802 grammatici
1305 1717 1369 1782 foe-

195 1827 249 1906 tus
269 1827 302 1888 et
323 1824 443 1888 nullius
466 1824 617 1908 ponderis
638 1824 677 1888 ad
693 1822 929 1889 Callimachum
948 1822 1186 1908 explicandum'
1208 1861 1246 1870 -
1269 1828 1304 1889 at
1322 1846 1369 1907 e0,

196 1930 234 1994 de
262 1953 327 2015 quo
360 1930 539 2015 quaeritur,
572 1931 645 1996 loco
679 1932 811 1996 omnino
844 1952 910 1995 nou
942 1933 1090 1997 versatur
1121 1931 1156 1994 in
1187 1931 1369 2013 explicando

197 2037 388 2120 scholiasta,
411 2058 521 2102 verum
546 2038 727 2121 simplicem
750 2038 851 2102 tradit
874 2038 913 2101 de
937 2035 1093 2122 Cyrenaei
1117 2037 1186 2103 vita
1204 2037 1369 2120 notitiam3

197 2163 234 2206 60
257 2142 404 2225 profecto
434 2145 557 2227 quanto
586 2143 658 2226 quis
687 2143 806 2208 iudicio
836 2143 1009 2228 stupidior,
1038 2145 1130 2208 tanto
1153 2142 1189 2207 in
1211 2143 1370 2207 eiusmodi

196 2248 292 2312 rebus
316 2248 482 2313 tradendis
506 2247 568 2312 fide
593 2248 719 2314 certior.
757 2248 880 2314 Tamen
907 2249 936 2313 si
960 2249 1054 2314 firmo
1079 2249 1150 2332 quis
1174 2271 1250 2314 usus
1275 2270 1370 2334 argu-

197 2359 305 2420 mento
329 2355 487 2420 mendacii
511 2377 584 2420 eum
613 2361 778 2441 argueret,
805 2357 875 2441 ipse
903 2378 997 2441 quem
1025 2377 1111 2420 nunc
1135 2355 1369 2420 defendendum

196 2464 289 2544 puto,
313 2483 507 2545 respuerem.
545 2460 607 2526 Sed
630 2463 813 2546 fragmento
837 2463 998 2548 innixum,
1026 2463 1111 2547 quod
1139 2485 1202 2547 quo
1230 2463 1265 2527 in
1292 2485 1369 2548 poe-

197 2569 284 2630 mate
316 2567 423 2631 sedem
452 2568 605 2632 habuerit
634 2589 759 2651 quaque
788 2569 916 2633 ratione
944 2592 963 2633 6
990 2573 1088 2652 poeta
1115 2569 1159 2633 sit
1178 2569 1299 2633 dictum
1322 2569 1369 2633 in-

197 2677 322 2737 certum
345 2678 409 2758 est,
432 2677 552 2738 certam
575 2674 707 2738 relicere
732 2677 765 2739 et
788 2675 829 2739 ab
854 2674 942 2739 omni
964 2679 1057 2758 parte
1080 2675 1284 2759 perspicuam
1307 2697 1370 2739 me

196 2780 347 2864 moriam,
371 2802 409 2844 66
432 2782 513 2846 mihi
537 2782 683 2846 omnium
705 2783 848 2866 pessima
870 2782 998 2846 videtur
1017 2803 1087 2846 esse
1105 2783 1198 2846 ratio.
1214 2817 1256 2828 -
1280 2780 1370 2847 Cete-

200 2908 272 2949 rum
296 2886 465 2970 aliquanto
489 2889 667 2954 modestius
692 2911 725 2954 se
749 2890 851 2975 gessit
873 2887 1068 2954 Heckerus
1093 2910 1190 2972 quarn
1209 2886 1370 2953 Schnei-

198 2991 326 3077 derus,
350 2994 404 3077 qui
426 2997 495 3059 tam
518 2995 680 3080 integram
707 2995 949 3081 perfectamque
975 2997 1104 3081 prologi
1133 2997 1272 3080 speciem
1295 2999 1370 3060 ante

201 3101 312 3165 oculos
336 3097 477 3186 ponit³),
500 3105 537 3166 ut
559 3103 668 3186 ipsum
691 3103 730 3168 ad
749 3102 909 3168 Helicona
928 3103 1097 3186 abreptum
1121 3102 1264 3187 aMusis,
1288 3125 1370 3188 quae

198 3205 409 3271 dictavissent
447 3206 666 3292 Callimacho,
709 3209 908 3274 sciscitatum
946 3231 1016 3273 esse
1054 3207 1184 3273 diceres.
1240 3208 1370 3274 Omissa

198 3313 284 3376 enim
317 3314 407 3378 omni
440 3289 721 3398 argumentatione
753 3315 872 3400 viginti
900 3338 955 3380 sex
982 3315 1168 3400 fragmenta
1200 3316 1241 3380 ad
1269 3317 1369 3382 aetio-

197 3442 268 3483 rum
292 3420 465 3506 prologum
494 3421 664 3486 referenda
694 3443 764 3486 esse
797 3419 973 3506 ‘decrevit',
1005 3443 1141 3505 quorum
1168 3426 1279 3487 tamen
1306 3423 1369 3489 duo

197 3528 326 3589 tantum
343 3549 415 3591 eam
432 3527 589 3612 praebent
605 3527 817 3618 speciem-ut,
836 3549 899 3611 qua
918 3527 957 3591 de
972 3511 1071 3592 causa
1083 3527 1117 3592 id
1131 3527 1254 3613 fecerit,
1273 3527 1368 3592 intel·

199 3632 266 3716 legi
288 3633 401 3715 possit.
423 3630 437 3720 )

199 3821 413 3830 -—·—-——

289 3917 315 3984 1)
334 3914 445 3983 Fragm.
465 3921 529 3970 506:
550 3919 586 3984 μὴ
606 3923 715 3984 perpere
733 3917 833 3988 (χοίνῳ
851 3917 962 3984 nepeta
979 3921 1032 3984 τὴν
1051 3916 1160 3985 (οφίην.

289 4022 317 4091 2)
336 4019 428 4075 Schol.
447 4019 559 4076 Pindar.
577 4021 657 4075 Nem.
672 4022 698 4074 ll
714 4027 742 4075 1:
762 4025 828 4076 rote
846 4025 997 4092 ῥαψῳδοὺς
1015 4022 1042 4076 ot
1062 4025 1111 4090 μὲν
1129 4026 1291 4093 ῥαβδῳδοὺ(
1309 4025 1369 4078 ἐτυ-

200 4113 346 4175 μολογοῦει
370 4111 415 4164 διὰ
440 4111 474 4164 τὸ
500 4110 568 4176 μετὰ
593 4110 696 4177 ῥάβδον
721 4113 850 4177 δηλονότι
875 4112 911 4166 τὰ
938 4112 1070 4180 Ὁμηρικὰ
1088 4114 1141 4180 ἔπη
1165 4113 1301 4178 διεξιέναι;
1329 4111 1369 4168 Cf.

197 4196 340 4270 Dilthey
357 4218 385 4269 p.
404 4205 446 4253 26.

289 4305 316 4372 3)
336 4303 526 4361 Callimachee
543 4306 570 4360 ΙΙ
588 4324 613 4375 p.
636 4309 695 4361 115.

289 4411 316 4478 4)
335 4410 445 4480 Fragm.
470 4415 685 4482 5166·Μούεῃει
709 4413 763 4479 γὰρ
789 4415 872 4480 ἤλθεν
896 4415 1019 4482 ὲεόβδην.
1062 4415 1174 4486 Fragm.
1198 4431 1279 4470 anon.
1305 4421 1369 4470 114:

198 4500 256 4554 τὼ(
274 4500 303 4553 δ’
322 4499 477 4567 ἐφθέγξατο
496 4502 664 4555 Καλλιόπεια.
