3186 5088
659 333 790 447 -15
838 421 875 429 -

11 631 16 642 ι
112 605 115 610 .
184 545 274 612 vides
297 545 389 612 unice
414 544 604 630 quadrare
594 566 630 609 rn
652 543 798 611 earmina
821 543 994 628 amatoria,
1021 545 1137 670 quibus
1165 567 1224 612 sua
1256 546 1359 632 ipsius

183 651 271 717 furta
291 657 390 737 poeta
354 652 534 718 tlascive
557 651 777 718 celebraverit.

270 757 398 824 Haec
389 743 490 842 igitur
520 760 664 824 carmina
695 758 885 842 Propertius
913 761 946 822 et
972 758 1119 825 laudarit
1146 764 1179 824 et
1209 759 1358 825 imitatus

183 870 246 951 est,
270 866 339 931 ut
330 889 396 930 ram
419 866 572 930 restituta
553 888 666 930 aesse
690 865 799 952 videat
784 868 838 929 tur
861 863 1066 952 scaligeri,
1089 865 1361 951 Valckenarii,

182 970 439 1057 Hertzbergii
458 975 639 1038 ceterorum
653 973 826 1057 sententia,
846 995 902 1058 qur
893 973 1046 1058 praeter
1061 975 1146 1039 aetia
1160 974 1259 1039 etiam
1280 974 1360 1037 mol-

183 1079 264 1144 lium
288 1079 452 1165 elegorum
476 1100 591 1163 corpus
617 1079 784 1164 scripsisse
808 1076 1009 1163 Cyrenaeum
1032 1083 1234 1145 censuerunt.
1273 1079 1360 1145 Nam
1445 1145 1447 1152 .

184 1176 269 1270 quod
303 1185 582 1252 Schneidcrum
617 1188 746 1251 secutus
774 1171 898 1251 'dixerit
930 1187 1106 1272 quispiam,
1138 1189 1216 1267 μέλη
1251 1186 1360 1271 potius

54 1318 57 1324 ·
78 1373 79 1376 Ἴ
186 1291 347 1356 amatoria
364 1293 426 1357 illa
445 1289 636 1357 Callimachi
660 1292 806 1356 carmina
827 1291 929 1358 fuisse
947 1314 1006 1357 nec
1026 1314 1159 1357 numero
1179 1293 1361 1378 composita

186 1397 344 1483 elegiaco,
362 1398 572 1485 Propertium
595 1421 675 1463 num
694 1398 868 1464 verisimile
893 1402 1085 1484 argumento
1108 1398 1270 1463 imitatum
1287 1421 1360 1465 esse

184 1502 375 1570 Callimachi
398 1508 543 1572 carmina
553 1557 562 1590 ,
585 1527 652 1570 non
669 1506 925 1580 imitatumesse
943 1503 1142 1592 numeris?¹)
1174 1504 1279 1570 Immo
1298 1506 1360 1571 etsi

184 1608 388 1696 Cyrenaeum
407 1615 499 1696 μέλη,
520 1612 560 1676 ad
580 1633 722 1676 amorem
741 1634 823 1696 quae
842 1613 1072 1697 pertinuerint,
1095 1613 1263 1696 scripsisse
1288 1636 1360 1678 con·

158 1715 384 1806 -cesserim²),
405 1720 516 1783 tamen
540 1740 587 1803 ea,
611 1739 692 1802 quae
715 1718 885 1805 Propertio
910 1723 986 1784 ante
1005 1721 1116 1785 oculos
1141 1721 1360 1786 obversaban-

185 1829 248 1910 tur,
271 1826 425 1910 carmina,
448 1830 481 1891 et
504 1827 663 1892 amatoria
687 1831 720 1892 et
739 1827 882 1912 elegiaco
903 1829 1089 1910 conscripta
1106 1850 1240 1893 numero
1259 1827 1360 1892 fuisse

184 1953 244 2016 pro
276 1937 363 1998 certo
395 1932 510 1998 habeo.
552 1934 615 1998 Hic
646 1935 748 2018 igitur
781 1934 947 2000 amatoriis
980 1934 1093 2019 elegiis
1126 1955 1197 1998 eam
1230 1934 1359 1999 laudem

184 2039 319 2123 adeptus
343 2040 469 2104 videtur
493 2062 577 2124 esse,
599 2043 649 2124 ut,
675 2041 857 2126 ubicunque
885 2041 1046 2126 principes
1070 2040 1204 2127 elegiaci
1232 2042 1359 2127 generis

183 2146 446 2230 recensebantur,
468 2146 570 2231 ipsius
593 2168 712 2212 nomen
735 2170 899 2232 nunquam
924 2148 1137 2213 omitteretur.

275 2249 338 2315 sed
358 2252 386 2316 si
405 2251 490 2316 tanti
509 2251 675 2318 aGraecis
695 2253 917 2338 Romanisque
937 2253 1057 2319 criticis
1079 2253 1260 2330 amatoriae
1283 2253 1379 2319 illae*

184 2357 307 2443 elegiae
331 2359 602 2445 aestimabantur,
632 2382 738 2425 nonne
762 2361 881 2425 mirum
905 2364 963 2440 est,
988 2359 1082 2444 quod,
1106 2381 1180 2424 cum
1199 2360 1358 2427 aetiorum

184 2467 217 2528 et
243 2463 381 2530 Hecales
409 2469 461 2531 tot
488 2465 611 2530 tradita
641 2466 708 2532 sint
740 2468 937 2552 fragmenta,
970 2488 1009 2530 ex
1036 2466 1103 2531 illis
1132 2466 1358 2552 depromptum

184 2591 254 2635 esse
277 2571 397 2636 dicitur
420 2593 519 2636 unum
543 2572 649 2636 solum
672 2572 706 2637 in
729 2573 839 2657 Etym.
857 2573 978 2660 Magno
1002 2594 1033 2656 p.
1052 2572 1127 2652 290,
1144 2569 1228 2660 50³)
1270 2572 1358 2649 Quae

182 2681 397 2761 res‘praeter
429 2680 538 2742 cetera
570 2674 861 2764 Schneiderum,
896 2678 1137 2763 Diltheyum,
1169 2678 1358 2745 Rohdium
1402 2707 1405 2712 ·

183 2784 372 2869 commovit,
394 2789 432 2850 ut
456 2805 493 2850 eo
517 2784 590 2850 loco
610 2807 730 2851 nomen
750 2787 878 2864 έλεγεῖα
901 2785 940 2850 de
958 2786 1104 2850 numeris
1127 2785 1237 2868 potins
1260 2809 1358 2870 quam

184 2888 222 2952 de
246 2894 437 2975 argumento
461 2891 695 2976 accipiendum,
725 2892 835 2976 itaque
859 2896 892 2957 et
914 2891 1022 2976 ipsum
1045 2893 1086 2958 ad
1110 2892 1195 2958 aetia
1218 2892 1358 2959 referen-

184 2995 260 3060 dum
284 3017 354 3060 esse
368 2997 441 3068 ‚rati
464 2996 611 3062 mollium
640 2999 807 3083 elegorum
835 3019 951 3083 corpus
979 2987 1080 3064 fuisse
1107 3000 1238 3066 omnino
1262 3021 1358 3086 nega·
1385 3069 1386 3072 ,
1496 3025 1508 3042 ·

183 3107 266 3166 rent.
314 3101 358 3166 ht
379 3103 413 3167 id
437 3104 567 3187 quidem
590 3104 705 3190 negari
727 3126 793 3169 non
816 3126 911 3188 posse
934 3126 1007 3170 cum
1030 3106 1139 3190 ineis,
1162 3127 1244 3191 quae
1267 3112 1357 3172 ante-

184 3208 315 3293 cedunt,
338 3211 537 3294 argumentis
562 3211 642 3277 satis
665 3212 782 3296 firmis,
806 3215 842 3276 ut
865 3211 1004 3297 videtur,
1032 3213 1358 3297 comprobaverimus,

184 3315 250 3380 alia
271 3316 398 3380 ratione
422 3317 616 3401 explicemus
646 3321 787 3402 oportet,
816 3319 871 3402 qui
897 3318 1020 3383 factum
1049 3318 1105 3404 sit,
1135 3324 1172 3383 ut
1198 3320 1357 3405 optimum

183 3420 376 3489 Callimachi
399 3445 481 3508 opus
501 3424 580 3490 adeo
599 3446 701 3509 paene
721 3446 760 3489 ex
778 3425 935 3490 memoria
953 3424 1121 3490 exciderat.
1154 3424 1247 3502 Quod
1269 3427 1357 3492 haud

274 3599 299 3665 1)
319 3598 451 3654 Ceterum
464 3598 592 3668 pluribus
600 3599 762 3671 Propertius
776 3601 846 3656 locis
861 3599 964 3656 diserte
978 3599 1118 3672 significat
1132 3601 1218 3656 etiam
1230 3601 1356 3672 ipsorum

183 3675 320 3741 versuum
332 3688 392 3742 arte
409 3688 544 3756 tanquam
563 3689 717 3758 exemplari
736 3706 765 3744 se
789 3689 831 3744 uti
856 3675 1029 3746 Callimacho
1048 3691 1127 3746 velut
1144 3691 1183 3745 HI
1203 3691 1307 3761 (IV),
1283 3696 1296 3743 1
1326 3696 1356 3746 8:

187 3773 320 3829 ‘Exaetus
339 3775 419 3831 tenui
436 3777 547 3846 pumice
565 3794 662 3832 versus
682 3779 750 3832 cat'

272 3863 371 3934 qast
387 3864 462 3919 enim
480 3866 510 3921 in
529 3883 645 3936 operum
660 3865 920 3937 Callimacheorum,
939 3885 1012 3938 quae
1030 3868 1121 3922 exstat
1141 3868 1216 3939 apud
1231 3868 1354 3938 Suidam,

182 3952 280 4006 tabula
302 3953 401 4008 titulus
425 3955 517 4021 Μέλης
540 3971 573 4010 ae
596 3957 741 4024 praeterea
764 3957 905 4012 servatum
929 3958 972 4010 est
994 3956 1232 4026 elegantissimum
1258 3961 1357 4026 μέλους

182 4041 258 4095 τινὸς
276 4041 465 4112 fragmentum
483 4041 550 4097 hoc.
568 4046 669 4110 ἡπαῑ(
686 4047 704 4111 ἡ
723 4047 927 4113 κατάκλειετοε,
950 4045 1050 4112 τὴνοῖ
1072 4063 1138 4114 porr
1160 4049 1289 4103 τεκόντε(
1313 4049 1356 4101 εὐ-

183 4129 278 4184 volout
292 4131 439 4200 ocprrpouc
452 4132 542 4198 έχθειν
555 4133 615 4187 tcov
630 4133 764 4203 ὀλέθρῳς
770 4134 844 4202 quod
859 4149 893 4187 ex
908 4133 1142 4204 epigrammatum
1155 4133 1229 4191 libro
1248 4135 1355 4191 desum·

184 4219 264 4287 ptum
279 4235 339 4275 esse
353 4219 464 4289 iniuria,
479 4223 511 4276 ut
524 4220 638 4291 quidem
652 4220 723 4274 mihi
736 4222 855 4290 ridetur,
871 4222 1102 4278 Schneiderus
1118 4223 1233 4293 (11386)
1248 4225 1354 4279 statuit.

274 4312 300 4378 3)
320 4309 488 4378 Καλλίμαχος
510 4313 540 4366 ἐν
564 4310 718 4377 Ἐλεγείοις
743 4311 774 4364 έκ
796 4312 827 4365 δέ
848 4313 1022 4379 τριηκόντων
1045 4319 1144 4380 μοῖραν
1167 4314 1263 4381 ἀφεῖλε
1282 4313 1354 4382 μίαν,

184 4399 246 4452 ἀντὶ
264 4402 315 4450 τοο
334 4399 365 4452 ἐκ
378 4403 436 4453 τῶν
449 4401 607 4468 τριάκοντα.
640 4399 753 4455 Plenius
767 4401 811 4455 est
823 4399 898 4455 idem
911 4399 1100 4470 fragmentum
1114 4401 1187 4471 apud
1203 4401 1355 4458 Stobaeum

184 4486 239 4544 Tit
260 4483 347 4540 CXIII
366 4492 382 4540 6
413 4487 542 4546 Schneid.
562 4489 631 4544 Call.
649 4490 676 4545 11
693 4509 720 4562 p.
739 4491 811 4562 217).
