3186 5088
745 389 940 476 *4-

257 546 391 630 adeptus
411 550 506 612 esset.
541 547 749 633 Impugnat
740 548 803 632 igit
804 570 842 612 ur
861 570 971 612 eorum
992 548 1184 612 sententiam
1190 551 1278 633 ,qui
1301 553 1393 633 praet
1395 571 1430 613 er

257 652 343 716 aetia
375 653 473 718 etiam
501 653 630 738 molles,
663 655 725 758 qui
751 654 863 760 disput
864 677 915 740 ur,
948 655 1055 739 elegos
1087 656 1304 738 composuisse
1333 654 1430 720 Calli-

255 760 407 844 machum
435 761 530 826 certis
560 761 613 825 usi
640 753 857 867 argumentis
868 760 1095 848 statuerunt.)
1140 761 1215 846 Ipse
1242 784 1318 827 vero
1347 784 1428 846 quae

255 887 314 948 pro
317 867 394 931 tulit
379 870 628 954 targumenta,
656 859 747 934 satis
764 842 893 944 intrma
926 891 996 934 esse
1023 867 1181 932 videbis.

345 973 560 1038 Primumt
510 978 560 1038 est
560 1025 568 1058 ,
588 971 701 1058 quod
704 967 834 1039 versum
854 973 999 1040 videmus
1019 975 1147 1040 etertio
1165 974 1323 1040 aetiorum
1342 974 1427 1038 libro

255 1073 435 1166 laudatum,
458 1104 553 1166 quem
573 1104 590 1145 e
609 1079 799 1146 Callimachi
818 1079 977 1166 Cydippa,
1000 1082 1142 1166 elegiaco
1155 1084 1368 1166 argumento,
1391 1083 1428 1145 ut

255 1186 400 1251 fatentur
418 1209 544 1271 omues,
568 1188 794 1272 depromptum
813 1209 883 1252 esse
902 1190 1025 1251 certum
1044 1187 1118 1253 est'.
1156 1188 1202 1254 At
1222 1211 1274 1273 eo,
1298 1210 1428 1272 quaero,

256 1293 333 1376 quid
357 1295 607 1377 comprobatur?
639 1295 758 1364 etenim
786 1293 874 1358 valet
896 1297 1124 1377 argumentum
1147 1296 1188 1359 ad
1211 1295 1274 1359 hoc
1297 1295 1428 1358 demon-

256 1399 436 1484 strandum,
468 1399 567 1474 fuisse
591 1398 771 1486 Cydippam
799 1399 983 1482 similesque
1011 1399 1152 1464 fortasse
1176 1401 1298 1485 elegias
1326 1402 1361 1465 in
1390 1423 1427 1465 eo

254 1529 401 1591 numere,
430 1508 489 1572 cui
505 1495 625 1572 nomen
646 1505 735 1572 Αιτια
762 1505 956 1588 inscriptum
979 1504 1055 1588 fuit3
1086 1509 1121 1569 at
1147 1529 1222 1571 vero
1252 1529 1319 1572 non
1348 1507 1426 1571 adeo

255 1614 357 1698 valet,
392 1637 454 1698 quo
486 1615 715 1698 comprobetur
752 1634 820 1678 non
856 1612 955 1676 fuisse
988 1612 1070 1677 alias
1103 1610 1261 1696 Cyrenaei
1297 1614 1427 1698 elegias,

256 1743 336 1804 quae
362 1719 403 1785 ad
423 1720 537 1786 Αἰτίων
560 1720 662 1784 libros
683 1741 753 1784 non
774 1719 983 1803 pertinerent.

344 1827 493 1892 Alterum
517 1830 744 1912 argumentum
763 1826 913 1910 repetivit
932 1823 1188 1892 Schneidarus
1209 1850 1226 1891 e
1246 1826 1345 1893 Suida
1358 1828 1392 1892 H
1408 1829 1424 1893 1

253 1957 283 2018 p.
299 1933 373 2018 697,
392 1934 448 1998 ubi
467 1938 617 1999 narratur
633 1933 825 2018 Marianum,
846 1933 902 2017 qui
915 1933 1096 2017 imperante
1112 1931 1287 1998 Anastasio
1306 1935 1427 2018 floruit,

253 2039 367 2105 fecisse
386 2041 560 2105 iambicam
575 2039 769 2121 perdppccrr
786 2039 986 2119 Καλλιμάχου
1000 2039 1130 2119 Ἑκάλη(
1143 2041 1277 2120 Ὕμνοιν
1295 2041 1346 2106 καὶ
1359 2045 1426 2105 τῶν

254 2147 367 2212 Αἰτίων
386 2149 438 2212 καὶ
460 2151 526 2212 τῶν
545 2146 814 2227 Ἐπιγραμμάτων.
852 2145 953 2211 Addit
974 2147 1026 2211 vir
1049 2147 1175 2211 doctus:
1199 2145 1328 2212 ‘hoc-si
1354 2147 1426 2233 quis
1538 2149 1542 2158 '

255 2252 371 2319 Suidae
382 2254 561 2338 crediderit,
571 2277 676 2320 nonne
686 2254 799 2318 statim
809 2276 846 2319 eo
861 2254 1003 2337 inclinet,
1017 2256 1053 2317 ut
1064 2254 1177 2319 Αἰτίων
1188 2254 1318 2318 nomine
1333 2257 1427 2336 putet

253 2360 374 2445 elegias
398 2382 469 2425 esse
489 2359 759 2444 comprehensas?
793 2357 845 2423 An
863 2359 1065 2443 praestiterit
1082 2359 1131 2423 ita
1153 2361 1269 2442 putare
1297 2359 1426 2444 elegias,

253 2489 316 2550 quo
339 2467 375 2530 in
398 2487 515 2552 genere
531 2463 765 2530 Callimachum
788 2464 968 2548 principem
981 2465 1088 2537 „fuisse
1102 2464 1302 2541 Quintiliano
1310 2463 1335 2550 2)
1359 2487 1425 2530 cre-

253 2573 327 2637 dere
350 2594 409 2656 par
427 2575 492 2657 est,
513 2571 697 2636 Marianum
715 2570 858 2635 noluisse
877 2569 1105 2650 μεταφράζειν,
1129 2570 1268 2655 hymnos
1287 2572 1425 2636 libenter

252 2681 407 2765 voluisse,
427 2681 545 2764 quibus
563 2679 704 2763 pretium
722 2700 786 2743 non
805 2676 894 2742 estr’
929 2675 979 2741 Ne
998 2675 1031 2739 id
1051 2676 1178 2760 quidem
1197 2681 1424 2762 argumentum

253 2788 294 2852 ad
307 2787 510 2871 probandam
524 2784 712 2850 Schneideri
726 2783 921 2849 sententiam
939 2782 1005 2846 ullo
1024 2782 1120 2846 modo
1137 2782 1267 2849 sufficit.
1293 2783 1424 2847 Etenim

253 2895 329 2977 quid
349 2895 486 2978 scriptor
503 2893 616 2956 multis
636 2914 655 2956 a
673 2895 785 2956 nostro
804 2893 950 2974 tempore
970 2888 1107 2953 saeculis
1126 2893 1270 2954 remotus
1284 2890 1426 2954 voluerit

253 3001 391 3086 quidque
424 2999 510 3064 idem
541 2999 696 3082 noluerit,
726 2997 822 3062 nobis
853 3017 919 3060 non
950 2995 1017 3059 iam
1048 2995 1125 3060 licet
1156 2996 1329 3061 diiudicare
1361 2995 1424 3059 nisi

253 3109 390 3172 cartae
381 3107 500 3172 mnixis
523 3106 698 3171 memoriae
721 3104 940 3169 fundamento.
986 3101 1153 3167 Marianus
1184 3105 1288 3188 qualis
1318 3104 1425 3188 fuerit,

252 3215 343 3280 cuius
370 3214 530 3279 voluntat
506 3218 563 3297 t1s,
593 3213 684 3277 cuius
712 3212 747 3274 in
770 3208 926 3295 eligendis
951 3209 997 3273 eis
1022 3230 1103 3293 quae
1126 3212 1282 3274 tractaret
1304 3211 1423 3295 iudicii,

251 3321 420 3386 nescimus
448 3319 540 3384 Unde
555 3264 661 3405 igitur
680 3317 870 3402 colligamus
895 3313 964 3380 eius
984 3338 1057 3381 eum
1076 3315 1186 3381 iudicii
1205 3317 1313 3402 fuisse,
1331 3320 1377 3400 ut,
1396 3318 1424 3382 si

253 3429 434 3512 scripsisset
459 3425 677 3493 Callimachus
701 3425 822 3509 elegias
846 3425 1031 3508 amatorias,
1053 3425 1123 3509 ipse
1148 3445 1202 3488 eas
1225 3426 1423 3488 tractaturus

251 3534 372 3600 fuerit?
405 3534 496 3611 Quod
514 3535 579 3600 nisi
597 3533 694 3598 certis
714 3534 781 3626 stat
800 3531 1013 3616 argumentis,
1033 3531 1132 3595 etiam
1147 3530 1329 3615 conclusio,
1349 3531 1423 3595 inde

252 3663 333 3724 quae
346 3642 413 3707 fact
399 3645 434 3706 ta
449 3644 507 3725 est,
524 3640 616 3707 humi
634 3641 732 3726 iacet3
750 3659 809 3702 nec
828 3636 1064 3703 concedendum
1083 3660 1130 3722 eo,
1146 3637 1232 3722 quod
1247 3641 1337 3702 amat
1322 3637 1422 3702 torias

251 3749 371 3834 elegias
401 3747 567 3812 Marianus
599 3746 706 3810 nullas
738 3747 810 3810 vert
811 3744 885 3829 erit,
917 3743 1015 3829 effici,
1046 3743 1224 3808 nullast
1209 3745 1423 3828 tseripserit

176 3843 178 3849 ¹
252 3851 483 3920 Callimachus

339 3961 497 4028 Venimus
521 3963 562 4026 ad
579 3961 713 4028 tertium
731 3957 958 4025 Schneideri
983 3962 1217 4044 argumentum.
1255 3955 1353 4023 Cuius
1372 3958 1421 4022 ris

341 4161 367 4224 1)
386 4156 472 4210 Velut
494 4154 757 4225 Hertabergius‚
782 4152 831 4222 qui
854 4152 957 4208 omissa
979 4152 1055 4207 omni
1079 4151 1113 4206 de
1137 4167 1170 4206 ea
1192 4167 1222 4206 re
1247 4148 1422 4210 dubitatione

250 4244 280 4299 id
298 4245 393 4314 potius
412 4243 530 4314 quaerit,
549 4245 642 4297 utrum
656 4259 741 4296 unam
759 4259 796 4296 an
809 4241 903 4310 plures
917 4242 1003 4310 poeta
1017 4239 1121 4294 amicas
1137 4237 1224 4308 elegis
1239 4239 1423 4296 celebraverit

250 4334 373 4403 (Quaeri.
392 4335 474 4403 Prop
493 4333 543 4388 lib.
563 4333 588 4386 ll
607 4347 667 4402 cap.
686 4331 784 4400 VHp.
803 4333 875 4400 209).

339 4421 690 4493 tllnstOrat.X158
714 4422 780 4474 tunc
803 4421 832 4472 et
854 4418 974 4488 elegiam
993 4417 1136 4474 vacabit'
1127 4436 1157 4472 ιιι
1180 4435 1280 4472 manus
1303 4389 1419 4483 sumere,

250 4513 329 4567 cuius
348 4512 478 4583 princeps
496 4511 583 4566 habet
570 4513 616 4566 ιιιι
634 4508 830 4564 Callimachus
