3186 5088
717 362 932 426 ..16-

243 539 320 582 sane
344 517 476 583 difficile
500 522 558 584 est.
604 519 734 585 Etenim
762 523 904 606 reputes,
932 543 1065 606 quaeso,
1092 525 1148 608 qui
1177 525 1243 590 sint
1269 527 1333 611 illi,
1360 527 1414 610 qui

239 624 410 710 aetiorum,
426 624 575 711 Hecales,
590 627 745 692 similium
760 632 947 711 poematum
962 632 1012 693 tot
1028 635 1198 695 servarunt
1215 631 1413 718 fragmenta:

240 732 444 817 grammatici
466 755 598 818 nempe,
621 734 675 818 qui
700 756 763 817 quo
788 734 864 819 quid
888 733 994 820 magis
1014 735 1195 802 doctrinam
1213 739 1353 824 redolet,
1376 761 1413 805 eo

239 839 361 904 maiore
388 838 420 902 id
451 840 556 905 studio
590 841 863 923 complectuntur;
898 839 953 924 qui
981 841 1249 909 obscurissimum
1276 846 1414 931 quidque

240 943 468 1013 ardentissima
487 949 643 1030 expetunt
662 946 851 1030 cupiditate,
874 947 950 1030 quia
968 949 1116 1033 praebet,
1141 952 1256 1035 quibus
1276 954 1414 1038 cognitis

239 1051 375 1134 gloriari
397 1053 476 1118 vilia
499 1053 632 1138 ingenia
654 1053 790 1136 possint.
836 1051 892 1118 Nil
920 1054 1021 1138 igitur
1049 1059 1111 1140 est,
1140 1057 1225 1141 quod
1253 1059 1413 1137 miremur,

239 1159 325 1223 aetia
348 1180 403 1223 eos
428 1163 461 1223 et
479 1159 716 1225 studiosissime
739 1160 904 1225 lectitasse
929 1165 961 1225 et
984 1163 1078 1245 quasi
1101 1162 1254 1228 thesauro
1278 1165 1324 1230 eis
1343 1187 1413 1230 esse

238 1285 329 1350 usos,
358 1264 440 1330 unde
469 1273 662 1331 sua'rerum
689 1266 904 1350 mythicamm
933 1271 1031 1352 atque
1059 1269 1243 1352 glossarum
1267 1272 1414 1356 exempla

237 1370 465 1458 repeterent¹),
498 1372 681 1458 neglexisse
713 1378 827 1439 contra
859 1374 997 1440 Amores
1032 1373 1237 1462 Callimachi,
1275 1399 1413 1463 quorum

238 1479 322 1542 ratio
345 1479 529 1545 adoctrina
548 1482 581 1543 et
600 1480 798 1545 obscuritate
822 1502 922 1566 aeque
946 1480 1144 1546 abhorreret.
1175 1482 1226 1548 Eo
1250 1485 1357 1550 minus
1380 1484 1413 1549 id

239 1584 355 1649 mirum
378 1585 519 1670 videtur,
542 1587 628 1670 quod
651 1587 687 1650 in
705 1587 809 1652 altero
827 1591 925 1671 poeta
946 1588 1088 1672 elegiaco
1109 1593 1141 1654 et
1164 1591 1199 1654 in
1218 1612 1255 1655 eo
1275 1591 1412 1675 quidem,

239 1691 294 1775 qui
310 1689 510 1767 Quintiliano
533 1696 617 1758 teste
637 1694 810 1759 secundum
831 1695 973 1778 elegiaco
997 1696 1031 1759 in
1055 1717 1173 1780 genere
1197 1698 1304 1763 locum
1327 1702 1437 1764 tene.

238 1797 311 1878 bat,
333 1819 466 1882 prorsus
490 1800 574 1866 idem
597 1801 719 1869 factum
743 1823 812 1866 esse
836 1801 991 1882 videmus.
1027 1802 1159 1868 Etenim
1181 1803 1327 1870 Philetae
1350 1803 1412 1869 De·

239 1907 355 1989 meter,
378 1905 528 1991 Hermes,
551 1907 704 1993 Paignia,
729 1908 977 1994 Epigrammata
1001 1926 1073 1974 cum
1098 1911 1290 1994 compluries
1314 1911 1412 1976 citen-

238 2014 304 2094 tur,
341 2010 485 2079 Battidis
521 2036 640 2079 nomen
676 2015 758 2079 nulli
791 2016 935 2080 omnium
965 2015 1224 2102 fragmentorum
1253 2019 1411 2085 adiectum

239 2117 392 2203 legimus,
414 2123 459 2204 ut,
482 2121 548 2186 nisi
571 2113 723 2188 Ouidiani
745 2122 796 2186 illi
818 2122 883 2188 loci
901 2126 934 2187 et
952 2121 1228 2190 Hermesianactis
1250 2126 1413 2210 fragmen-

237 2228 308 2289 tum
332 2230 452 2311 essent,
478 2228 577 2294 etiam
601 2229 639 2293 de
663 2226 723 2294 Coi
748 2228 921 2294 Amoribus
944 2229 1107 2294 dubitatio
1131 2253 1201 2296 esse
1224 2235 1335 2314 posset
1358 2228 1411 2316 (cf.

238 2329 287 2395 ‘de
302 2330 432 2398 Phileta
446 2331 525 2399 Coo'
538 2332 570 2398 N
572 2334 693 2400 icolaus
707 2334 812 2399 Bach
825 2359 857 2420 p.
874 2335 928 2418 143
949 2338 981 2400 et
994 2334 1141 2400 Philetae
1156 2334 1217 2402 Coi
1229 2338 1325 2424 frgm.
1334 2337 1410 2403 coll.

238 2437 385 2522 Kayser
404 2463 435 2524 p.
447 2441 503 2505 24:
528 2439 576 2505 ‘ut
589 2463 689 2526 prope
708 2440 878 2505 videantur
896 2440 1017 2524 omnia,
1040 2462 1122 2524 quae
1141 2442 1317 2511 maximam
1336 2465 1410 2527 poe·

237 2548 291 2608 tae
310 2545 432 2610 famam
452 2551 689 2632 compararunt,
708 2569 777 2612 esse
796 2544 998 2632 deperdita’).
1029 2545 1180 2613 Ceterum
1198 2549 1232 2613 in
1253 2549 1299 2613 eis
1315 2547 1410 2613 Calli-

241 2651 349 2717 machi
379 2653 586 2739 fragmentis,
613 2655 745 2740 quibus,
778 2677 841 2740 quo
870 2677 908 2720 ex
935 2657 1086 2737 poemate
1118 2654 1309 2738 deprompta
1337 2656 1412 2739 sint,

239 2758 383 2825 additum
410 2783 477 2827 non
503 2765 567 2847 est,
598 2762 766 2846 nonnulla,
798 2782 879 2847 quae
903 2760 1072 2840 Ἐλεγείοι(
1100 2758 1312 2826 adscribenda
1336 2761 1411 2844 sint,

237 2867 342 2931 inesse
366 2867 553 2933 censuerim.
1204 2945 1207 2948 ,
1239 2941 1242 2946 Δ

327 2974 469 3039 Tantum
500 2975 602 3059 igitur
633 2976 740 3058 abest,
771 2979 808 3040 ut
839 2974 886 3058 id,
919 2973 1004 3059 quo'd
1036 2996 1135 3040 unum
1164 2974 1269 3038 solum
1297 2974 1407 3039 addito

238 3079 435 3168 ‘elegorum'
459 3081 590 3146 nomine
613 3081 834 3167 fragmentum
856 3080 1014 3146 traditum
1038 3083 1100 3164 est,
1128 3102 1187 3164 pro
1217 3084 1408 3165 argumento

237 3188 352 3253 haberi
375 3186 493 3272 possit,
517 3210 581 3273 quo
605 3210 671 3253 non
693 3187 793 3253 fuisse
813 3174 887 3252 eius¹
900 3186 989 3250 tituli
1008 3208 1090 3270 opus
1108 3188 1350 3271 comprobetur,
1372 3191 1409 3252 ut

238 3295 347 3379 potius
366 3295 547 3359 contrariae
567 3294 760 3378 sententiae,
784 3315 879 3378 quam
899 3315 959 3358 nos
976 3292 1191 3379 defendimus,
1213 3294 1333 3378 tradito
1352 3293 1408 3359 illo

237 3402 309 3466 loeo
333 3403 501 3486 aliquanto
529 3402 608 3466 fides
637 3401 751 3485 augeri
774 3401 929 3465 videatur.
975 3399 1061 3465 Nam
1084 3401 1112 3465 si
1135 3401 1235 3485 aetia,
1261 3400 1295 3464 id
1323 3399 1408 3484 quod

238 3509 353 3573 statuit
385 3503 690 3593 Schneiderus2),
722 3507 954 3592 grammaticus
986 3506 1208 3591 Etymologici
1239 3505 1281 3571 M.
1310 3505 1410 3590 signi-

237 3615 333 3681 ficare
357 3614 526 3698 voluisset,
554 3635 591 3679 eo
615 3614 686 3697 ipso
709 3613 815 3680 hercle
838 3614 934 3696 titulo
958 3637 1035 3679 usus
1059 3617 1159 3699 esset,
1186 3635 1252 3680 non
1275 3614 1409 3679 dixisset
1463 3647 1469 3656 ·

237 3723 273 3788 ἐν
297 3723 463 3803 ἐλεγείοις,
487 3743 568 3806 quae
591 3743 667 3806 vox,
690 3721 719 3786 si
741 3721 780 3787 de
802 3722 945 3787 numeris
968 3722 1182 3806 intellegitur,
1205 3721 1317 3787 eodem
1340 3721 1408 3785 iure

328 4007 355 4075 1)
374 4005 488 4061 Glossas
510 4002 540 4059 in
564 4005 646 4061 aetiis
667 4003 755 4061 tuisse
782 4002 886 4059 multas
913 3990 983 4074 ipsa
1001 4004 1160 4076 fragmenta
1187 4006 1301 4075 docent,
1329 4002 1407 4059 velut

236 4095 317 4165 frgm.
339 4100 384 4162 12,
409 4099 459 4149 13²
481 4095 559 4163 (olim
584 4096 660 4165 154),
685 4100 733 4164 19,
754 4100 805 4164 26,
829 4099 872 4148 28.
916 4091 1016 4150 Cetera
1042 4095 1201 4164 fragmenta
1227 4095 1285 4148 fere
1314 4091 1408 4149 omnia

237 4182 396 4252 afferuntur,
415 4184 448 4238 ut
465 4185 558 4256 prisca
576 4185 701 4240 locorum
724 4182 839 4238 nomina
862 4185 911 4238 aut
933 4185 966 4238 ut
988 4182 1123 4252 quaedam
1147 4199 1191 4237 res
1214 4181 1408 4252 mythologice

184 4307 187 4314 ·
237 4271 371 4341 Cyrenaei
395 4273 562 4328 auctoritate
586 4273 770 4329 confirmetur.
807 4272 852 4326 An
869 4272 971 4326 mirum
995 4271 1167 4340 Stephanum
1187 4270 1249 4340 Byr.
1269 4288 1304 4326 cx
1326 4269 1407 4326 aetiis

236 4361 350 4430 quidem
369 4363 467 4432 multa,
486 4379 520 4416 ex
538 4362 679 4417 amoribus
699 4363 796 4417 contra
815 4358 988 4417 Callimachi
999 4357 1071 4432 nihil
1090 4375 1200 4427 prorsus
1220 4357 1335 4414 afferre?
1361 4395 1362 4398 =

326 4488 354 4556 2)
374 4484 484 4541 Gallim.
503 4485 530 4542 II
548 4505 575 4558 p.
596 4492 663 4556 2193
682 4485 808 4553 sequitur
826 4481 1027 4537 Schneiderum
1046 4481 1237 4555 Diltheyus.
