3186 5088
714 361 933 425 ..42..

238 520 498 606 memoravisset,
536 521 564 586 si
595 521 738 586 humana
776 524 967 604 argumenta
999 522 1092 606 plura
1123 521 1157 585 in
1190 521 1236 586 eis
1269 523 1410 588 tractata

238 627 386 692 fuissent.
432 626 557 693 Deinde
589 628 762 693 Rohdius
800 626 958 712 suspicari
994 627 1122 693 videtur
1156 627 1244 693 haud
1274 651 1410 712 parvum

237 736 464 799 umotoorbrum
485 735 666 816 fabularum
693 736 728 798 in
756 735 849 800 aetiis
877 734 979 800 fuisse
1001 727 1212 821 numerumss1)
1259 733 1351 810 Quod
1373 740 1410 800 ut

237 841 361 926 credat,
393 841 486 926 quasi
519 842 645 926 cogitur
676 841 743 905 illis
772 840 878 907 Ovidii
910 843 944 905 et
970 840 1132 926 Propertii
1163 841 1258 926 locis,
1291 843 1409 926 quihus

238 945 456 1013 Callimachus
480 951 516 1012 ut
539 951 631 1013 tener
654 953 752 1032 poeta
775 949 958 1013 amantibus
978 948 1230 1013 commendatur.
1268 945 1331 1012 Sed
1355 970 1409 1013 eos

237 1075 309 1119 cum
333 1054 374 1118 ad
397 1055 507 1140 elegos
529 1055 639 1138 potius
659 1054 816 1139 Cyrenaei
838 1077 934 1140 quam
959 1055 999 1120 ad
1023 1055 1108 1120 aetia
1131 1055 1316 1121 referendos
1340 1077 1409 1120 esse

237 1159 575 1246 demonstraverimus,
604 1163 670 1228 iam
692 1161 904 1227 fundamento
933 1183 1041 1227 carere
1068 1161 1130 1225 viri
1163 1161 1250 1226 docti
1283 1165 1409 1228 senten-

236 1267 316 1332 tiam
335 1266 544 1332 manifestum
563 1271 621 1332 est.
653 1267 768 1351 Itaque
787 1267 934 1352 quemvis
958 1267 1059 1332 fuisse
1079 1267 1236 1352 quasdam
1259 1269 1293 1334 in
1317 1270 1408 1334 aetiis

237 1373 394 1439 eiusmodi
413 1374 548 1439 fabellas
562 1373 676 1459 negari
694 1372 876 1462 nequeatl),
894 1379 1004 1440 tamen
1022 1375 1240 1458 praevaluisse
1260 1399 1298 1441 ea
1316 1397 1408 1462 argu-

237 1484 345 1546 menta
369 1517 410 1527 -
435 1479 468 1545 id
493 1481 578 1546 onim
600 1481 750 1547 Rohdio
783 1482 823 1546 ad
847 1482 932 1546 aetia
954 1482 1030 1548 illos
1054 1483 1144 1548 locos
1167 1483 1319 1548 referenti
1345 1486 1409 1548 sta·

235 1587 391 1652 tuendum
423 1592 494 1653 erat
523 1625 565 1634 -
593 1611 795 1674 nequaquam
823 1591 1019 1674 putaverim,
1050 1590 1242 1674 praesertim
1269 1611 1340 1654 cum
1369 1611 1407 1654 ex

239 1695 400 1779 omnibus,
422 1717 504 1780 quae
528 1695 651 1760 tradita
675 1699 764 1781 sunt,
788 1697 947 1762 aetiorum
975 1697 1167 1782 fragmentis
1194 1699 1323 1780 praeter
1346 1694 1409 1780 Cy-

236 1802 353 1885 dippae
376 1802 560 1886 fragmenta
583 1824 683 1866 unum
711 1806 839 1867 tantum
866 1803 1041 1868 manifesto
1071 1804 1111 1868 ad
1136 1803 1285 1870 amatorii
1313 1821 1409 1886 argu·

234 1908 337 1972 menti
359 1907 565 1974 historiolam
587 1893 806 1995 pertineat.³)¹
844 1973 850 1984 ,

324 2013 414 2079 Haec
450 2013 565 2099 habui,
603 2037 685 2099 quae
718 2016 756 2080 de
789 2016 948 2081 aetiorum
981 2021 1172 2102 argumento
1205 2015 1409 2100 dissererem

238 2119 402 2185 videamus
432 2121 470 2185 de
498 2122 635 2187 ratione.
680 2121 730 2188 Ao
758 2123 966 2189 distribut-am
993 2119 1094 2189 fuiss'e
1122 2123 1281 2189 aetiorum
1309 2127 1408 2188 mate-

234 2227 317 2291 riam
336 2227 370 2290 in
389 2229 542 2310 quattuor
565 2229 667 2295 libros
691 2229 764 2293 inde
788 2229 965 2295 verisimile
984 2234 1043 2314 est,
1064 2229 1149 2314 quod
1168 2253 1240 2296 cum
1258 2230 1408 2314 primum,

237 2333 425 2415 mumdum,
462 2336 608 2419 tertium,
646 2340 797 2421 quartum
834 2338 952 2420 librum
985 2338 1178 2422 compluries
1211 2341 1408 2402 memoratos

234 2439 449 2524 inveniamus,
476 2441 581 2526 quinti
608 2441 686 2506 libri
714 2443 835 2508 mentio
859 2444 898 2508 fit
920 2444 1019 2509 nulla.
1065 2443 1188 2509 Deinde
1211 2445 1246 2508 in
1270 2444 1407 2530 singulis

325 2724 351 2790 1)
369 2723 399 2777 P.
419 2728 469 2779 80:
488 2725 580 2780 Wenn
597 2744 662 2782 man
682 2727 736 2783 den
755 2729 848 2783 hohen
867 2729 960 2782 ltnhm
984 2728 1119 2796 bedenkt‚
1144 2726 1198 2781 den
1216 2726 1408 2780 Kallimaehos

233 2810 336 2880 gerade
356 2812 406 2866 als
426 2813 623 2870 erotisoher
641 2814 785 2871 Dichter
804 2816 849 2871 bei
868 2817 923 2871 den
936 2818 1058 2871 Romern
1072 2833 1179 2886 genoso,
1195 2833 1225 2870 so
1241 2815 1323 2870 sollte
1341 2831 1408 2869 man

232 2898 263 2952 in
278 2898 359 2969 jener
385 2900 551 2972 Sammlung
576 2901 733 2972 elegischer
758 2905 966 2975 Eraahlungen,
990 2904 1041 2959 auf
1061 2904 1106 2958 die
1130 2903 1190 2959 sich
1210 2904 1291 2973 jener
1313 2903 1408 2957 Ruhm

232 2986 306 3041 doch
324 3005 395 3057 ganz
412 2990 572 3061 vorn'iglieh
587 2992 730 3062 gn'indete,
745 2994 818 3048 noch
832 2995 958 3049 mehrere
973 2992 1151 3062 dergleichen
1165 2991 1405 3061 Liabeslegenden

233 3075 404 3132 annutreffen
423 3081 567 3136 manen.
604 3081 657 3135 Ein
676 3081 769 3136 Zufall
786 3100 852 3152 mag
876 3099 905 3136 es
924 3082 1012 3136 daher
1030 3082 1103 3147 sein,
1128 3081 1192 3135 dass
1216 3079 1275 3134 sich
1298 3079 1327 3133 in
1352 3081 1408 3134 den

232 3181 285 3218 uns
303 3165 466 3222 crhaltenan
485 3166 670 3224 Ueberrasten
689 3188 741 3224 nur
759 3171 823 3225 sehr
841 3170 956 3248 geringa
975 3169 1134 3224 Anzeichen
1153 3210 1160 3223 .
1176 3210 1204 3224 ..
1224 3169 1324 3224 finden.

322 3292 351 3358 2)
370 3291 455 3346 Velut
468 3291 617 3362 Hippolyti
630 3293 735 3361 fabula,
752 3295 785 3349 cl.
800 3295 900 3365 fragm.
921 3301 944 3350 7.
971 3294 1034 3350 lure
1053 3294 1153 3349 statuit
1169 3294 1340 3349 Rauchius
1357 3311 1407 3364 pe-

235 3376 335 3433 culiari
354 3378 445 3449 elegia
459 3380 494 3435 de
508 3380 657 3452 Hippolyti
671 3385 761 3439 morte
775 3383 866 3454 egisse
881 3381 1097 3448 Callimachum
1117 3398 1183 3437 nam
1195 3382 1249 3437 nisi
1262 3383 1293 3437 id
1305 3382 1407 3453 ipsum,

233 3467 308 3536 quod
323 3467 428 3537 Vergil.
443 3469 512 3523 Aen.
527 3470 593 3524 VlIl
613 3477 663 3526 778
684 3474 892 3538 commemorat,
912 3489 963 3542 pro
983 3471 1057 3527 aetio
1077 3471 1234 3542 Cyrenaeus
1253 3470 1407 3540 habuisset,

231 3555 357 3626 profecto
379 3573 436 3611 non
464 3556 508 3612 his
534 3559 645 3615 Servius
671 3579 737 3616 usus
765 3562 840 3616 esset
869 3559 975 3615 verbis:
1005 3560 1131 3630 ‘exponit
1153 3563 1187 3616 τὸ
1216 3561 1317 3628 αἲτιονς
1339 3577 1407 3614 nam

232 3643 421 3701 Callimachus
447 3646 558 3716 scripsit
580 3648 670 3715 Αἴτια,
693 3648 723 3702 in
746 3648 846 3718 quibus
874 3649 961 3704 etiam
988 3648 1042 3721 hoo
1071 3651 1295 3718 commemorat';
1324 3649 1408 3704 aliter

232 3733 461 3788 Schneiderus
479 3753 505 3805 p.
523 3742 555 3790 72
571 3738 600 3791 et
614 3743 655 3792 73.
695 3737 772 3804 Quae
790 3739 903 3808 praeter
917 3739 970 3793 hoc
983 3739 1143 3807 fragmenta
1156 3737 1238 3793 affert
1252 3738 1406 3794 Rohdius

231 3841 258 3893 p.
275 3829 309 3878 89
324 3823 387 3878 adn.
404 3829 428 3892 2,
443 3821 480 3878 ad
499 3823 635 3878 amatoria
657 3829 824 3894 argumenta
842 3825 981 3895 pertinere
1006 3826 1141 3891 conoed03
1167 3827 1197 3880 at
1219 3825 1249 3880 in
1272 3827 1353 3881 aetiis
1371 3843 1407 3882 ea

230 3911 317 3967 fuisse
344 3913 423 3968 nullo
451 3912 679 3982 comprobatum‘
694 3917 859 3983 argumento
885 3916 935 3968 est.
974 3915 1047 3980 Quid
1074 3915 1148 3970 anim
1175 3915 1282 3985 obstat,
1313 3933 1348 3970 ne
1376 3916 1406 3970 in

233 4000 353 4070 ‘elegis’
380 4000 551 4070 Cyrenaeum
571 4018 618 4056 eas
637 4002 764 4072 tetigisse
787 4002 906 4058 fabellas
930 4004 1100 4073 statuamus,
1123 4004 1201 4059 velut
1225 4004 1311 4059 etiam
1336 4003 1405 4059 Pro-

230 4089 337 4160 pertius
363 4088 531 4158 ‘elegorum'
557 4089 686 4145 imitator
711 4091 780 4146 satis
804 4090 963 4161 frequenter
985 4091 1173 4162 mythicorum
1196 4109 1321 4147 amorum
1344 4107 1405 4146 me-

231 4177 350 4232 moriam
370 4176 538 4232 carminibus
559 4177 615 4232 suis
633 4177 756 4234 inseruit

320 4302 348 4370 3)
368 4302 462 4358 Etiam
480 4302 618 4374 Phyllidis
637 4304 784 4360 historiam
802 4306 885 4363 rideo
903 4307 1088 4376 probabiliter
1100 4322 1190 4376 nuper
1204 4306 1240 4361 ad
1254 4307 1330 4362 aetia
1343 4323 1405 4363 esse

230 4389 560 4552 {diffladpliigyakio
584 4392 660 4464 (diss.
680 4393 774 4464 inaug.
794 4394 1000 4465 Gryphiswald.
1026 4392 1175 4450 ‘Analecta
1203 4395 1406 4451 Alexandrino-
