3186 5088
701 307 919 374 ..3g„.

224 471 298 538 καθ’
321 471 467 538 Ἡείοδον
500 469 583 536 ἀλλὰ
604 467 760 536 camut
789 469 994 550 περιεχόρευε
1023 469 1125 534 δεκάε.
1169 469 1228 534 τὸν
1256 471 1291 533 δὲ
1320 471 1395 535 νέον

226 579 379 659 ἐκόεμοιιν
399 578 561 659 ὀφθαλμοὶ
579 579 711 658 φαιδροὶ
730 579 787 656 μὲν
806 577 851 641 ὼε
865 575 980 656 -κόρου,
1004 577 1141 657 φοβεροὶ
1159 577 1194 640 δὲ
1209 575 1254 640 ὡ(
1268 577 1394 656 εώφρο-

226 707 294 766 νοε,
314 687 365 750 καὶ
384 686 511 766 φύεεωε
529 684 660 764 έρευθοε
680 684 813 749 εὐονθὲε
827 685 996 764 ἑπιτρέχον
1009 688 1080 747 rol(
1094 689 1248 762 παρειαῖε.
1280 682 1395 749 Nonne

225 793 398 856 verbosum
415 794 466 855 est
488 791 538 855 illi
561 790 674 871 ‘advoc
692 795 751 856 τοῦ
770 796 881 856 κεετοῦ
901 788 1085 871 φειεαμένη’
1105 789 1179 854 addi
1193 791 1396 856 enuntiatum

226 897 289 964 ‘rui
310 902 428 963 τοῦτον
451 899 532 976 πρὸε
555 901 613 978 τὴν
637 899 796 977 παρθένοι
816 897 901 976 εἶχεν
921 897 1083 976 ἐξαίρετον
1102 899 1121 977 ἢ
1142 895 1241 982 θεόε’,
1264 919 1396 981 prorsus

225 1026 343 1089 nempe
366 1004 461 1069 inane
484 1007 517 1068 et
540 1025 578 1068 eo
602 1007 730 1069 tantum
749 1004 884 1069 consilio
905 1003 1063 1087 additum,
1085 1006 1122 1068 ut
1145 1003 1317 1070 antithesis
1340 1005 1398 1069 illa

227 1112 308 1191 apd<
326 1114 384 1191 τὴν
403 1112 566 1190 παρθένον
582 1147 623 1158 -
638 1112 658 1192 ἡ
673 1110 758 1191 θεόε,
779 1112 859 1176 satis
879 1113 965 1175 certe
979 1109 1111 1195 frigida,
1129 1110 1236 1174 locum
1254 1111 1397 1176 habeat?

227 1217 317 1294 Quae
350 1220 526 1302 sequuntur
557 1217 689 1282 inflatae
717 1217 793 1282 illae
824 1217 991 1282 oculorum
1020 1215 1184 1301 Cydippae
1212 1218 1244 1280 et
1267 1214 1398 1280 Acontii

227 1324 432 1409 eiusdemque
456 1344 612 1409 genarum
630 1323 849 1409 laudationes,
873 1345 927 1388 eas
947 1322 1148 1390 Callimacho
1169 1322 1278 1387 deberi
1300 1327 1399 1407 negat

228 1431 357 1515 quidem
376 1429 549 1516 Diltheyus
557 1428 582 1517 ¹)
607 1433 786 1495 commotus
810 1430 962 1496 nimirum
984 1430 1100 1515 verbis,
1125 1451 1206 1514 quae
1226 1429 1311 1514 apud
1329 1429 1399 1494 Mu·

228 1559 339 1603 saeum
357 1536 574 1622 inveniuntur,
596 1537 662 1602 his:
687 1536 733 1601 ‘ol
757 1539 793 1602 δὲ
817 1538 947 1602 παλαιοὶ
970 1541 1055 1616 τρεῑε
1080 1536 1215 1616 Χάριταε
1238 1538 1399 1625 ψεύεοιντο
1497 1621 1501 1628 ¹

228 1645 419 1724 πεφυκέναι
444 1643 489 1708 εῖε
512 1647 548 1709 δέ
567 1664 613 1708 τιε
632 1644 747 1722 Ἡροθε
766 1641 933 1724 boeticos
957 1643 1084 1722 γελόων
1107 1644 1221 1709 ἑκατὸν
1240 1645 1401 1723 Χορίτεεει

228 1749 368 1832 τεθήλει’
397 1752 434 1816 et.
456 1750 518 1815 hcc
540 1749 767 1833 Xenophontis
790 1749 927 1834 Ephesii
954 1750 1041 1816 loco:
1074 1749 1251 1832 ‘depecisci
1279 1751 1400 1831 γοργοί,

228 1859 359 1940 φαιδροὶ
381 1859 438 1939 μὲν
457 1857 502 1922 ὡ(
520 1856 629 1938 κόρηε,
653 1858 788 1938 φοβεροὶ
807 1859 843 1922 δὲ
862 1857 906 1921 ὼε
930 1856 1125 1937 εώφρονοε’.
1163 1855 1226 1922 Sed
1247 1858 1323 1922 inde
1346 1858 1402 1943 qui

229 1965 391 2029 concludit
414 1985 452 2028 ca
474 1963 647 2047 praeconia
666 1985 682 2028 s
702 1963 826 2028 duobus
848 1962 901 2027 his
924 1963 1043 2028 hausta
1062 1985 1145 2048 esse,
1168 1963 1255 2029 haud
1274 1965 1340 2030 scio
1360 1987 1403 2030 an

228 2076 350 2136 temere
374 2071 574 2142 concluserit.
610 2069 694 2147 Quid
719 2071 805 2135 enim
828 2071 949 2155 obstat,
972 2093 1013 2134 ne
1036 2070 1116 2154 ipsis
1139 2067 1346 2155 Xenophonti
1370 2075 1403 2136 et

229 2177 363 2243 Musaeo
388 2200 426 2243 ea
449 2178 664 2243 scribentibus
685 2176 905 2244 Callimachca
928 2179 1100 2243 obversata
1123 2199 1192 2242 esse
1214 2179 1314 2242 verba
1337 2182 1402 2244 sta·

230 2283 409 2370 tuamusl),
436 2288 473 2349 ut
501 2307 582 2368 quac
606 2285 776 2349 intercedit
797 2285 884 2349 inter
907 2307 945 2348 ea
968 2289 1001 2350 et
1024 2283 1266 2349 Aristaenetum
1290 2286 1404 2350 simili-

231 2391 324 2474 tudo,
343 2390 416 2455 inde
435 2391 559 2475 potius,
579 2389 664 2475 quod
684 2391 797 2455 eodem
815 2390 1112 2475 fonte‘utebantur,
1132 2393 1204 2456 orta
1218 2391 1285 2456 sit?
1311 2391 1405 2467 Quod

231 2498 311 2563 mihi
334 2498 462 2583 quidem
486 2499 589 2562 multo
617 2498 824 2563 verisimilius
853 2498 978 2563 videtur
1005 2519 1075 2563 esse
1103 2521 1201 2583 quam
1237 2500 1404 2564 aberrasse

231 2604 394 2670 rhetorem
424 2628 443 2670 a
470 2605 639 2691 proposito
664 2605 727 2670 sibi
754 2626 850 2690 opere
879 2606 919 2670 ad
943 2607 1062 2692 aliena,
1094 2607 1288 2692 praesertim
1321 2629 1406 2692 cum,

232 2734 329 2797 quam
351 2733 461 2797 presse
485 2709 734 2797 Callimachum,
763 2734 860 2796 quam
887 2712 955 2776 fere
977 2712 1175 2778 verbotenus
1199 2716 1327 2780 secutus
1351 2715 1405 2797 sit,

232 2841 330 2903 supra
352 2817 567 2905 viderimusl)
611 2819 724 2904 Neque
748 2819 822 2884 inde
846 2819 932 2903 quod
954 2817 1151 2884 Aristaenet.
1171 2819 1204 2885 ΙΙ
1224 2822 1264 2885 21
1289 2843 1320 2904 p.
1341 2822 1405 2885 193

231 2926 331 2992 verba
355 2930 430 2990 sunt
451 2926 545 2991 hacc:
570 2925 632 2990 ‘rui
651 2927 777 3008 φύεεωε
796 2925 989 2991 οὐτόεκειιον
1008 2927 1139 3006 ἔρευθοε
1158 2928 1316 3006 ἐπιτρέχει
1334 2932 1406 2991 ταῑε

233 3031 394 3113 παρειαῑε’
414 3033 570 3117 sequitur,
589 3036 626 3097 ut
645 3032 759 3097 similis
778 3032 833 3097 ille
852 3033 1067 3116 metaphrasis
1086 3033 1189 3098 locus:
1208 3034 1259 3097 καὶ
1279 3034 1406 3113 φύεεωε

232 3141 364 3221 ἔρευθοε
394 3140 528 3206 εὐανθὲε
555 3141 724 3218 ἐπιτρέχον
751 3143 821 3204 ταῑε
850 3144 996 3219 παρειαῖε
1025 3138 1081 3204 ‘ex
1108 3140 1210 3224 ipsius
1240 3139 1406 3225 sophistae

206 3278 208 3282 ·
235 3246 364 3313 officina
387 3245 569 3331 prodierit’.
612 3245 730 3321 Quidni
753 3245 840 3309 enim
862 3248 999 3330 utroque
1022 3268 1095 3311 eum
1118 3247 1189 3311 loco
1214 3245 1407 3312 Callimachi

233 3352 374 3438 vestigia
396 3353 552 3436 pressisse
576 3352 780 3417 statuamus?

323 3459 471 3522 Alterum
496 3458 626 3522 inflatae
651 3457 843 3523 elocutionis
867 3459 1050 3544 exemplum
1072 3459 1147 3524 hoc:
1172 3458 1234 3524 ‘rui
1252 3464 1407 3524 τοεοῡτον

234 3565 437 3645 ἐξεφοινίχθη
456 3566 495 3629 τὸ
515 3564 688 3644 πρόεωπον
707 3563 751 3628 ὼε
770 3569 886 3645 δοκεῖν,
910 3565 959 3630 ὅτι
978 3570 1044 3632 τῶν
1063 3571 1206 3646 παρειῶν
1225 3565 1321 3632 ἔνδον
1340 3565 1408 3644 εἰχέ

233 3728 446 3738 ———-—-

327 3815 353 3883 1)
372 3811 489 3880 Dilthey
508 3812 542 3866 de
561 3810 671 3866 Gallim.
692 3811 819 3882 Cydippe
837 3831 864 3882 p.
884 3819 918 3866 31
938 3816 966 3868 et
984 3819 1027 3868 32.
1440 3839 1445 3850 =

324 3903 353 3973 2)
372 3901 412 3956 ef.
432 3901 548 3956 Itohde
567 3920 593 3972 p.
614 3906 678 3956 152:
703 3900 758 3955 Wo
782 3901 822 3955 sie
846 3901 920 3956 doch
944 3902 1048 3957 einmal
1071 3902 1228 3973 diejenigen
1253 3903 1408 3958 Merkmale

234 3993 284 4048 der
312 3990 479 4060 Schtnheit,
498 3990 528 4044 in
555 3991 677 4046 welcher
699 3991 864 4060 vorzdglich
886 3990 931 4044 ihr
952 3977 1139 4061 beuegliches
1162 3989 1256 4046 Leben
1278 3991 1335 4046 und
1360 3991 1409 4045 der

235 4083 343 4138 Zauber
360 4080 436 4135 ihrer
455 4079 717 4150 augenblicklichen
735 4078 876 4150 Wirlrung
894 4080 976 4151 liegt,
999 4081 1175 4137 annudeuten
1199 4081 1409 4148 untemehmen,

235 4172 272 4226 da
281 4173 415 4240 benegen
425 4169 465 4224 sie
476 4169 535 4225 sich
545 4168 575 4223 in
584 4169 639 4224 den
646 4166 813 4240 Metaphern
823 4169 900 4225 einer
909 4171 1043 4239 galanten
1050 4171 1269 4241 Kunstsprache‚
1278 4169 1409 4224 welche

235 4260 270 4315 in
297 4259 406 4314 ihrem
430 4257 681 4314 wesentlichen
704 4257 874 4313 Bestande
899 4257 1089 4329 jedenfalls
1117 4276 1181 4314 ron
1209 4259 1273 4314 den
1294 4257 1410 4312 Eroti-

237 4348 322 4403 kern
339 4348 397 4403 der
414 4345 656 4402 hellenischen
674 4344 749 4402 Zeit
767 4347 991 4416 ausgebildet
1008 4347 1074 4402 und
1091 4347 1312 4418 festgestellt
1334 4363 1409 4402 war.

326 4439 353 4507 3)
371 4436 412 4492 cf.
432 4452 516 4507 supra
533 4454 561 4507 p.
583 4441 615 4492 19
626 4455 665 4506 sq.
