3186 5088
650 365 928 430 -27-.

172 530 336 594 constaret
362 549 436 593 eum
464 528 572 613 ipsum
603 526 704 592 fuisse
732 524 890 610 Cyrenaei
919 546 1056 609 morem,
1078 527 1116 590 ut
1138 525 1228 606 epiea
1251 546 1345 611 argu-

172 636 282 698 menta
305 633 466 698 aetiorum
489 631 752 716 exponendorum
775 653 873 696 causa
900 632 935 697 in
957 653 1083 715 pannos
1112 632 1274 718 elegiacos
1298 631 1346 696 di-

172 739 344 822 scinderet,
376 739 519 824 aliquam
551 742 637 804 certe
665 738 732 804 vim
760 739 867 805 verbis
896 739 961 803 illis
989 739 1095 804 inesse
1128 737 1346 804 concederem.

171 846 217 912 At
238 846 346 912 hercle
368 845 423 910 hic
445 845 515 930 ipse
537 846 696 911 aetiorum
723 845 806 912 liber
832 845 989 910 secundus
996 896 1005 929 ,
1028 845 1157 931 qualem
1175 844 1276 910 fuisse
1295 845 1347 910 vir

172 953 287 1019 doctus
311 953 441 1037 statuit,
465 973 539 1018 cum
562 975 663 1017 unum
687 955 720 1016 et
742 953 908 1038 singulare
936 973 1102 1037 pannosae
1125 952 1213 1017 illius
1237 951 1345 1035 poesis

173 1060 355 1144 exemplum
384 1059 440 1143 sit,
469 1059 528 1124 illa
556 1059 704 1144 quamvis
732 1059 913 1125 doctissimi
939 1060 1002 1124 viri
1028 1059 1128 1124 rerba
1151 1061 1188 1124 ut
1214 1058 1346 1142 planam

173 1187 255 1251 quae
278 1168 414 1230 vocatur
436 1165 629 1249 petitionem
652 1159 807 1252 principii
828 1167 999 1250 neglegere
1022 1166 1073 1232 fas
1097 1169 1155 1230 est.

263 1271 373 1357 Atque
395 1272 475 1338 haec
499 1271 729 1339 Schneidcri
753 1277 880 1338 utnon
903 1273 972 1340 sine
995 1272 1173 1338 offensione
1192 1273 1346 1358 percurri,

173 1380 221 1444 ita
249 1381 321 1445 tota
348 1383 456 1446 mente
484 1381 652 1466 obstupui,
679 1402 753 1445 cum
781 1379 940 1465 viderem,
973 1379 1082 1465 qualia
1112 1377 1244 1444 secundi
1271 1379 1347 1444 libri

175 1485 261 1552 αἴτια
284 1487 517 1553 constituisset.
552 1487 699 1552 Primum
718 1486 803 1551 enim
823 1486 908 1571 quod
927 1487 1069 1552 occurrit
1087 1485 1190 1551 αἴτιον
1207 1485 1270 1551 hoc
1289 1488 1348 1569 est,

174 1591 259 1657 unde
281 1591 404 1658 factum
428 1593 484 1675 sit,
507 1595 544 1656 ut
567 1591 651 1677 apud
675 1590 907 1676 Hyperboreos
925 1591 1125 1680 Delphisque
1145 1591 1268 1677 Apolld
1285 1590 1347 1657 asi·

111 1757 117 1770 ,
173 1720 289 1764 norum
317 1698 483 1763 sacrificiis
511 1699 685 1784 coleretur3
719 1700 871 1779 alterum,
899 1698 983 1764 unde
1014 1698 1188 1766 Aethaliae
1219 1698 1347 1764 insulae

172 1807 287 1890 portus
305 1825 425 1869 nomen
444 1803 693 1890 λιμὴνἈργῷο(
712 1805 887 1889 acceperit3
911 1805 1060 1890 tertium,
1077 1806 1162 1871 unde
1175 1803 1347 1890 Drepanae

172 1911 297 1976 insulae
320 1932 438 1976 nomen
468 1911 582 1990 (χερία
610 1912 654 1975 sit
680 1903 833 1989 inditum;
865 1915 1019 1996 quartum
1046 1913 1188 1979 nominis
1212 1911 1346 1998 ‘Illyria'

173 2018 279 2103 origo,
303 2017 457 2102 denique,
485 2020 524 2082 ut
551 2020 659 2082 cetera
686 2017 848 2102 omittam,
875 2019 960 2084 unde
986 2019 1090 2085 festus
1114 2020 1246 2105 quidam
1269 2021 1348 2104 dies,

174 2124 230 2207 qui
258 2122 395 2209 Aeglete
423 2124 458 2188 in
484 2123 592 2188 insula
623 2125 861 2209 celebrabatur,
895 2125 1054 2211 originem
1082 2125 1217 2193 duxerit.
1259 2127 1347 2194 Num

173 2229 254 2296 haec
276 2230 318 2294 ad
341 2230 474 2304 urbium,
494 2230 637 2314 origines
661 2231 838 2316 pertinent,
862 2254 942 2316 quas
961 2233 1030 2298 eius
1048 2233 1125 2298 libri
1144 2232 1230 2299 αἴτια
1248 2235 1347 2300 fuisse

173 2337 243 2421 ipse
258 2335 519 2402 Schneiderus
534 2335 630 2402 modo
645 2336 913 2425 proclamaritll)
950 2336 1066 2405 Nonne
1081 2340 1223 2424 primum
1237 2363 1348 2407 eorum

175 2446 208 2507 et
226 2446 404 2509 extremum
423 2441 527 2509 αἴτιον
551 2444 707 2528 exipsius
726 2445 786 2510 viri
806 2445 893 2511 docti
911 2446 1089 2530 partitione
1102 2450 1220 2531 quarto
1238 2449 1347 2534 potius

169 2549 258 2615 libro
282 2573 380 2636 quam
399 2551 538 2617 seeundo
557 2552 751 2617 vindicanda
771 2553 872 2617 sunt?
909 2550 1027 2617 Nonne
1047 2555 1162 2639 cetera,
1181 2575 1263 2639 quae
1283 2559 1348 2619 sta·

173 2657 251 2742 tuit,
271 2658 350 2723 adeo
370 2659 509 2725 alienam
528 2682 548 2724 a
567 2659 692 2725 duobus
711 2659 762 2724 his
781 2659 940 2744 praebent
955 2660 1113 2744 speeiem,
1136 2663 1173 2724 ut
1190 2661 1257 2726 iam
1275 2661 1346 2746 ipse

173 2763 430 2831 Schneiderus
454 2788 584 2832 censere
603 2766 765 2850 videatur,
787 2763 880 2832 varia
898 2788 936 2832 ac
955 2765 1082 2832 diversa
1097 2767 1233 2850 singulis
1253 2767 1346 2835 libris

174 2870 260 2936 αἴτια
277 2871 379 2936 fuisse
403 2873 572 2956 exposita?
596 2869 632 2920 4
653 2873 770 2960 Itaque
790 2872 1021 2939 Schneideri
1041 2873 1079 2938 de
1100 2874 1231 2940 secundi
1249 2876 1348 2942 aetio-

173 2999 245 3042 rum
269 2978 345 3045 libri
369 2978 476 3062 specie
500 2980 663 3044 sententia
684 3002 750 3045 non
774 2980 880 3044 solum
899 3002 937 3044 ea
959 2983 1021 3064 est,
1045 3002 1127 3065 quae
1146 2983 1348 3066 argumentis

174 3107 239 3150 non
265 3084 344 3150 satis
369 3084 413 3148 sit
436 3085 662 3169 comprobata,
686 3085 743 3150 sed
762 3107 800 3150 ea
819 3085 932 3171 etiam,
956 3087 1021 3171 cui,
1040 3107 1113 3150 oum
1131 3086 1247 3152 ceteris
1266 3109 1348 3172 quae

174 3193 292 3257 statuit
309 3192 359 3256 vir
378 3191 506 3276 doctus,
524 3213 657 3275 prorsus
677 3192 890 3276 contradicat,
909 3193 1040 3258 omnino
1058 3192 1148 3258 nulla
1167 3192 1349 3258 adhibenda

175 3298 255 3364 fides
279 3299 332 3364 sit.
836 3298 840 3306 '
1246 3377 1253 3396 ι

265 3402 390 3470 Deinde
410 3427 530 3492 agones
550 3407 728 3490 quaeritur,
751 3410 861 3472 utrum
879 3407 984 3492 primo
1004 3428 1046 3471 an
1069 3406 1166 3472 tertio
1191 3406 1348 3473 aetiorum

174 3511 257 3576 libro
286 3512 475 3597 assignandi
508 3513 582 3577 sint.
628 3513 735 3598 Atque
764 3534 837 3577 oum
865 3510 1183 3599 Hertabergiusl)
1215 3517 1349 3598 propter

174 3616 393 3701 fragmentum
418 3615 493 3703 29³)
517 3619 615 3684 tertio
639 3641 694 3683 eos
718 3618 802 3684 libro
826 3622 984 3684 tractatos
1008 3618 1108 3683 fuisse
1136 3621 1348 3706 contenderit,

174 3720 433 3789 Schneiderus
459 3721 504 3812 (p.
528 3725 586 3812 47)
609 3725 714 3810 primo
738 3725 770 3790 id
793 3725 917 3790 factum
941 3747 1011 3790 esse
1040 3725 1252 3810 comprobare
1280 3732 1346 3792 stu-

265 3954 290 4021 1)
310 3950 412 4007 Gallim
431 3950 457 4004 ll
481 3969 507 4020 p.
528 3959 574 4008 46:
603 3953 711 4022 ‘ltaque
737 3955 796 4009 inre
829 3953 910 4009 nobis
938 3953 1065 4008 videmur
1095 3955 1217 4010 statuere
1246 3957 1347 4025 quarto

177 4041 274 4098 αἰτίων
292 4042 365 4097 libro
381 4039 583 4096 Callimachum
602 4042 637 4096 de
656 4059 795 4098 sacrorum
813 4041 990 4112 publicorum
1009 4045 1101 4098 camis
1120 4044 1294 4115 exposuisse;
1312 4061 1346 4099 ae

173 4130 294 4188 faciliori
313 4132 398 4187 etiam
417 4129 527 4186 ratione
546 4129 580 4184 de
598 4130 709 4186 urbium
729 4132 885 4201 originibus
903 4131 1015 4188 decerni
1033 4134 1149 4203 poteet'.

263 4222 291 4290 2)
310 4220 464 4276 Commeat
484 4219 513 4273 in
531 4219 612 4289 Prop.
632 4237 659 4289 p.
679 4225 740 4274 232.

265 4312 292 4379 3)
312 4309 407 4380 Steph.
423 4307 538 4379 Byzant.
553 4327 579 4379 p.
596 4315 656 4376 104,
673 4315 718 4364 13:
739 4310 860 4378 Ἀπέεαε,
875 4312 941 4378 ὄρος
958 4317 1010 4380 τῆς
1025 4313 1137 4380 Νεμέας,
1156 4313 1195 4365 ὼε
1207 4310 1348 4378 Πίνδαρος

177 4401 221 4453 sol
237 4397 405 4465 Καλλίμαχος
422 4400 452 4453 ἐν
470 4398 566 4469 τρίτῳ.
595 4397 725 4454 Ceterum
742 4399 778 4454 ad
793 4401 1030 4470 comprobandam
1047 4399 1268 4471 Hertabergii
1287 4417 1347 4454 een-

173 4486 292 4544 tentiam
310 4503 366 4542 non
384 4485 453 4543 satis
472 4486 502 4544 id
520 4504 579 4544 esse
599 4488 757 4559 argumenti
775 4487 823 4544 vix
841 4505 911 4560 opus
930 4491 974 4545 eet
990 4491 1155 4546 memoratu.
