3186 5088
728 344 946 408 „32-

255 523 320 586 quo
344 525 402 568 sua
427 503 466 568 de
489 501 614 588 Hygini
637 503 702 567 illis
721 504 883 586 capitibus
907 502 1070 566 sententia
1087 479 1278 568 firmaretur.
1311 504 1423 589 Itaque

252 629 330 674 num
349 610 479 674 omnino
498 609 537 674 de
556 610 697 676 inventis
712 608 930 682 Callimachus
950 609 1131 694 scripserit,
1154 608 1304 676 dubitare
1318 610 1424 698 liceat,

251 715 352 781 donoc
375 717 483 800 aliqua
507 716 624 782 saltem
648 719 839 802 argumenta
863 714 1083 802 afferantur.1)

340 820 498 887 Venimus
518 822 557 887 ad
577 845 648 888 eam
663 820 955 888 Callimacheorum
969 825 1111 907 partem,
1135 845 1198 907 qua
1213 822 1424 892 Schneiderus

252 929 424 1012 nonnulla,
448 950 530 1014 quae
552 928 679 1014 Hygini
703 930 762 995 sub
785 928 916 995 nomine
939 928 1100 1016 feruntur,
1128 951 1167 994 ex
1190 932 1283 996 aetiis
1307 932 1425 998 hausta

254 1057 325 1101 esse
348 1036 523 1100 contendit.
554 1034 637 1102 Sunt
659 1036 747 1100 enim
769 1037 805 1100 in
827 1036 890 1101 fine
915 1037 984 1101 eius
1003 1037 1109 1120 operis
1128 1035 1316 1123 Hyginiani,
1339 1041 1424 1123 quod

251 1142 437 1208 fabularum
455 1143 585 1208 nomine
605 1142 783 1228 significari
802 1143 896 1225 solet,
915 1142 1054 1227 quinque
1073 1143 1193 1227 capita,
1212 1167 1348 1229 quorum
1361 1147 1425 1230 pri·

252 1271 341 1313 mum
364 1249 557 1332 inscriptum
580 1251 630 1313 est
653 1249 721 1332 ‘qui
743 1248 841 1332 primi
864 1247 957 1313 ludos
980 1247 1145 1331 fecerunt',
1174 1250 1313 1317 alterum
1341 1252 1424 1336 ‘quia

253 1354 330 1440 quid
352 1353 533 1438 invenerit',
553 1355 686 1419 tertium
705 1354 836 1439 ‘oppida
850 1355 906 1438 qui
925 1377 1007 1439 quae
1026 1355 1260 1440 condiderunt',
1275 1361 1425 1441 quartum

253 1461 392 1526 ‘insulae
414 1461 595 1545 maximae',
618 1462 769 1546 quintum
792 1461 912 1526 ‘rerum
934 1461 1119 1526 inventores
1144 1461 1289 1550 primi'.²)

342 1569 485 1645 Quorum
523 1569 667 1652 capitum
700 1550 961 1634 'Schneiderus
998 1572 1172 1653 antequam
1206 1567 1425 1635 Callimachea

253 1674 366 1760 edidit,
388 1677 491 1740 multa
514 1675 643 1760 quidem
666 1675 877 1760 interpolata,
901 1696 1061 1740 summam
1080 1679 1190 1740 tamen
1210 1675 1332 1762 Hygini
1357 1698 1426 1742 esse

253 1804 326 1846 cum
357 1782 538 1866 statuisset,
568 1782 747 1864 posteriore
780 1786 926 1865 ternpore
953 1779 1173 1867 Bursiani³)
1205 1783 1426 1867 disputatione

253 1908 291 1952 eo
314 1888 463 1953 redactus
487 1891 551 1972 est,
574 1891 612 1953 ut
634 1888 794 1972 quendam
818 1888 948 1954 secundi
971 1912 1001 1973 p.
1024 1886 1099 1954 Ohr.
1123 1889 1245 1954 saeculi
1268 1910 1426 1975 gramma-

252 1994 353 2060 ticum
381 1998 414 2059 et
436 1995 552 2079 totius,
583 2016 681 2079 quam
709 2000 896 2080 congestam
924 1996 959 2061 in
987 1996 1107 2061 fabulis
1135 1996 1240 2078 vides,
1270 1996 1427 2062 materiae

252 2101 493 2187 mythologicae
516 2103 549 2166 ct
568 2123 688 2187 eorum,
707 2103 881 2187 dequibus
901 2103 1074 2187 quaeritur,
1096 2102 1239 2186 capitum
1260 2105 1425 2168 auctorem

253 2230 323 2275 esse
347 2207 549 2294 concederet,
572 2209 661 2273 varie
684 2212 792 2274 autem
815 2209 1049 2292 interpolatum
1067 2208 1186 2274 librum
1205 2230 1276 2274 esse
1295 2212 1328 2274 et
1343 2210 1425 2274 Bur-

254 2316 365 2381 sianus
381 2315 497 2380 statuit
515 2318 549 2378 et
563 2312 777 2380 Schneiderus
796 2335 987 2399 persuasum
1000 2313 1109 2379 hahet.
1141 2315 1250 2399 Atque
1266 2337 1421 2380 summam

253 2422 322 2487 eius
341 2421 449 2506 operis
468 2420 621 2504 quamdiu
640 2420 767 2505 Hygini
786 2442 855 2485 esse
875 2421 1085 2504 opinabatur,
1108 2422 1217 2506 aliqua
1240 2421 1312 2486 viro
1330 2422 1422 2486 docto

254 2528 483 2614 suppeditabat
505 2527 603 2613 ratio,
626 2549 690 2611 qua
712 2527 853 2613 ingenua
877 2549 896 2592 a
920 2527 1038 2611 spuriis
1062 2526 1267 2593 discerneret.
1301 2525 1425 2592 Scimus

254 2636 339 2700 enim
362 2636 468 2700 virum
492 2634 585 2698 illum
612 2633 712 2699 fuisse
740 2633 993 2699 eruditissimum
1017 2637 1050 2697 et
1073 2633 1153 2698 adeo
1175 2634 1318 2700 nobilem
1341 2634 1427 2699 inter

254 2742 405 2827 aequales
424 2741 531 2805 locum
549 2740 704 2825 tenuisse,
723 2743 760 2805 ut
777 2741 889 2825 inepta
906 2762 988 2825 quae
1011 2739 1161 2804 videntur
1188 2741 1218 2804 ei
1242 2740 1426 2806 adscribere

253 2872 320 2915 non
346 2849 452 2914 liceat.
496 2845 567 2912 lam
590 2847 619 2910 si
641 2847 889 2931 grammaticum
917 2844 1078 2931 quendam
1104 2846 1294 2930 posterioris
1323 2848 1425 2912 multo

253 2957 424 3041 temporis,
447 2954 502 3040 qui
525 2954 615 3018 cuius
638 2952 890 3038 ingemiscent,
912 2974 1046 3035 prorsus
1064 2953 1236 3038 nescimus,
1259 2956 1426 3018 auctorem

254 3085 325 3128 esse
353 3064 495 3146 constat,
524 3083 587 3146 qua
615 3061 686 3145 quis
713 3060 838 3125 ratione
866 3081 943 3124 usus
971 3059 1035 3123 alia
1063 3059 1173 3143 spuria
1197 3060 1263 3124 alia
1284 3060 1427 3152 ingenua

254 3192 324 3236 esse
352 3164 546 3254 evincet‘ll4)
592 3166 716 3231 Tamen
744 3164 1000 3231 Schneiderus
1037 3165 1179 3250 primum
1217 3167 1252 3229 in
1284 3165 1426 3231 secundo

344 3403 370 3469 1)
390 3398 431 3454 ef.
450 3396 638 3453 Rauchium
655 3415 683 3467 p.
703 3401 733 3450 6:
757 3394 810 3449 Ein
829 3395 908 3450 Buch
926 3394 976 3449 der
993 3392 1182 3464 Erfindungcn
1204 3394 1256 3449 hat
1274 3393 1426 3449 Schneider

254 3508 306 3544 uur
332 3488 395 3544 dem
418 3487 485 3557 Gap.
505 3492 557 3542 777
582 3484 630 3542 bei
651 3483 778 3555 Hyginus
803 3503 838 3540 au
862 3483 919 3538 lieh
941 3500 1159 3554 angenommen;
1184 3483 1251 3538 kain
1274 3483 1427 3553 Fragment

254 3579 353 3634 deutet
370 3574 472 3631 darauf
487 3575 545 3631 hin.

343 3669 369 3734 2)
388 3664 494 3735 Hygini
511 3662 623 3718 fabulae
642 3662 685 3718 ad.
701 3661 817 3720 Mauric.
837 3662 979 3731 Schmidt,
1003 3663 1090 3718 Jenae
1109 3681 1135 3733 p.
1158 3668 1208 3719 149
1227 3665 1257 3718 et
1274 3680 1346 3732 quac
1365 3678 1426 3732 seq.

343 3758 371 3823 3)
389 3754 422 3808 In
439 3752 657 3808 Fleckeiseni
674 3751 818 3807 annalium
836 3752 892 3808 vol.
911 3750 997 3806 xcnl
1015 3770 1042 3822 p.
1064 3757 1114 3806 761
1134 3769 1192 3821 sqq.

343 3847 371 3915 4)
390 3843 430 3898 ef.
449 3841 566 3896 Rauc'h
584 3859 611 3911 p.
631 3845 661 3895 5:
685 3840 768 3896 Diese
791 3839 910 3895 Ansicht
932 3840 1063 3895 antbehrt
1084 3857 1135 3895 vor
1153 3838 1247 3896 Allem
1271 3841 1320 3895 der
1342 3839 1425 3894 kriti-

255 3936 341 3989 sohen
354 3932 479 3988 sichercn
494 3929 655 4000 Grundlage
670 3972 676 3984 .
692 3969 699 3984 .
715 3969 721 3983 .
740 3930 813 3984 Duss
827 3929 877 3984 der
891 3929 955 3984 sehr
969 3931 1049 3998 spitte
1069 3929 1284 3998 Grammatilrar‚
1302 3927 1426 3988 nelcher

254 4022 294 4078 sie
313 4022 384 4093 (scil.
403 4020 497 4090 capita
516 4021 575 4090 illa,
594 4017 749 4088 dequibus
768 4034 858 4072 sermo
877 4019 931 4087 est)
944 4017 1116 4087 verfertigta,
1131 4017 1214 4073 dabei
1226 4017 1306 4072 nicht
1318 4017 1427 4072 sowohl

254 4111 478 4181 mythologiache
496 4107 685 4164 Handbdcher
703 4106 760 4161 und
779 4106 910 4163 Scholion
929 4106 1083 4176 excerpirte
1097 4106 1139 4160 uls
1154 4105 1291 4160 vielmehr
1305 4122 1356 4160 aua
1370 4106 1427 4160 den

255 4200 389 4255 Dichtern
407 4200 494 4255 selbst
512 4197 648 4268 schdplte,
661 4195 699 4252 ist
716 4213 787 4267 ganz
800 4195 972 4251 undenhbar.
988 4226 1021 4235 -
1036 4195 1069 4249 Id
1082 4195 1183 4264 ipsum,
1198 4195 1272 4265 quod
1286 4193 1426 4263 equidem,

255 4289 440 4358 Diltheyuc
469 4303 581 4343 monera
608 4285 728 4355 videtur,
754 4301 818 4340 cum
841 4284 918 4340 dicat
943 4284 1054 4353 (Jenaar
1076 4283 1272 4353 Literuturztg.
1295 4301 1322 4353 p.
1346 4285 1427 4351 5⁷6):

253 4378 346 4434 Wenn
365 4376 519 4434 Schneider
535 4376 565 4432 in
583 4377 632 4431 der
656 4375 823 4429 Zosatznote
848 4373 966 4441 erklart,
989 4390 1019 4428 er
1042 4371 1082 4427 sei
1104 4373 1192 4427 durch
1211 4371 1328 4426 Bursian
1350 4373 1428 4428 noch

255 4468 334 4525 nicht
351 4468 525 4538 abgebracht
541 4484 597 4522 von
616 4465 666 4519 der
684 4463 825 4534 Meinnng‚
844 4464 877 4517 ut
895 4479 955 4532 cap.
970 4453 1027 4518 '2⁷8
1045 4462 1088 4517 ita
1106 4461 1192 4518 etiam
1211 4477 1234 4515 c.
1254 4466 1305 4514 2⁷5
1325 4461 1354 4514 et
1371 4467 1427 4516 276
