3186 5088
648 379 866 444 „19-

224 543 228 554 “
262 535 325 602 Sed
349 538 427 622 quid
450 560 617 604 versamur
639 539 674 602 in
694 540 864 606 afferendis
884 540 1021 605 aliorum
1041 539 1233 623 scriptorum
1254 538 1345 605 testi·

172 646 304 726 moniis,
333 667 406 711 cum
428 647 534 730 ipsum
558 643 796 714 Callimachum
820 647 1032 732 contemplari
1059 647 1163 713 liceat.
1210 645 1363 713 Servata·

172 752 257 817 enim
280 755 330 816 est
352 753 446 817 unius
471 753 631 818 aetiorum
654 753 791 839 elegiae,
817 751 1001 839 Cydippam
1024 754 1107 838 dico,
1129 754 1346 838 metaphrasis

171 881 271 942 prosa
303 860 488 944 conscripta
520 859 667 925 oratione
696 861 736 925 ab
765 861 972 927 Aristaeneto
1005 882 1052 945 ep.
1076 862 1092 927 I
1118 861 1168 925 10.
1214 859 1284 936 Qua
1311 861 1347 925 in

172 966 313 1049 epistola
337 989 434 1052 quam
452 988 563 1050 presse
580 965 818 1032 Callimachum
838 969 966 1031 secutus
985 967 1028 1031 sit
1046 965 1101 1032 ille
1120 966 1241 1050 rhetor,
1265 966 1346 1030 satis

173 1077 307 1157 apparet
335 1095 352 1137 e
378 1076 532 1159 quattuor
554 1072 714 1159 Cyrenaei
741 1073 932 1160 fragmentis
956 1096 1029 1139 cum
1055 1073 1254 1139 Aristaeneti
1277 1093 1345 1138 ver·

173 1179 224 1245 bis
249 1181 391 1266 collatis,
420 1180 614 1265 frgm.169:
643 1183 798 1262 μέμβλετο
822 1179 856 1244 δ’
880 1169 1208 1261 είιπνήλαιε.άπποτε
1233 1184 1348 1258 κοῦμοε

78 1355 79 1358 ,
172 1285 217 1350 ίοι
241 1287 382 1366 φωλεόν.
427 1286 544 1352 Arist:
578 1287 609 1353 ol
632 1289 667 1353 δέ
691 1286 926 1367 φιλοθεάμονεε
949 1291 1007 1351 τοῦ
1030 1284 1168 1350 κάλλουε
1192 1285 1238 1350 είε
1261 1290 1348 1350 διδα-

176 1392 292 1458 εκάλου
315 1394 470 1473 προίοντα
493 1394 734 1475 πεμιεικόπουν.
763 1394 858 1480 frgm.
878 1394 934 1458 26:
957 1391 1077 1472 ἄγμαδε
1096 1397 1142 1476 τῷ
1161 1391 1273 1476 πάεῃει
1297 1393 1349 1458 ἐπὶ

175 1500 351 1584 προχάνῃα
373 1502 499 1582 ἐφοίτα.
538 1501 653 1565 Arist:
676 1501 721 1566 εἰε
745 1498 845 1579 άγρον
870 1501 922 1566 έπλ
940 1498 1022 1584 πάεῃ
1042 1499 1202 1578 προφάιει
1225 1498 1349 1578 έφοίτα.

174 1605 269 1690 frgm.
300 1607 378 1672 101:
415 1606 491 1672 ἀλλ’
523 1608 571 1672 ἐνί
604 1608 642 1687 δὴ
676 1607 814 1686 φλοίοιει
824 1603 848 1693 1)
881 1608 1058 1686 κεκομμένα
1090 1605 1185 1671 τόεεα
1217 1607 1348 1685 φέροιτε

174 1712 356 1793 γράμματα,
378 1712 543 1794 Κυδίππην
562 1712 630 1777 dcc’
649 1715 771 1794 ἐμέουει
790 1715 899 1794 καλήν.
938 1712 1052 1778 Arist:
1075 1715 1094 1793 ἢ
1114 1718 1195 1791 γοῦν
1213 1717 1351 1778 τοιαῦτα

175 1819 256 1883 κατὰ
282 1823 349 1884 τῶν
377 1824 504 1900 φλοιῶν
531 1821 790 1902 ἐγκεκολαμμένα
822 1822 953 1900 φέροιτε
985 1819 1165 1900 γράμματα,
1198 1819 1258 1884 bru
1290 1821 1349 1898 τήν

178 1925 341 2005 Κυδίππην
365 1927 557 2008 ἐπονομάζει
580 1930 689 2009 καλήν.
725 1926 842 2012 fragm.
865 1927 945 1992 229:
972 1930 1062 2006 λίροε
1084 1925 1165 2006 ἐγώ,
1188 1925 1218 1990 τί
1241 1927 1277 1992 δέ
1302 1945 1350 1991 (οι

177 2226 343 2281 Hortensius
361 2227 437 2281 uno’.
465 2243 498 2282 ac
516 2227 612 2282 finitur
634 2244 749 2299 poema:
775 2227 877 2282 ‘Parva
899 2227 956 2281 mei
978 2225 1050 2280 mihi
1072 2225 1128 2281 sint
1152 2224 1230 2282 cordi
1251 2241 1348 2281 monu-

177 2317 273 2371 menta
296 2314 408 2371 sodalis
425 2316 484 2384 {At
507 2317 628 2387 populus
650 2317 760 2372 tumido
783 2316 907 2388 gaudeat
929 2315 1120 2371 Antimacho’.
1157 2314 1239 2370 Hune
1261 2314 1349 2384 igitur

176 2405 268 2474 vides,
287 2421 370 2473 quem
388 2404 458 2458 dicit
478 2404 618 2475 Catullus,
636 2407 774 2461 tumorem
794 2424 856 2460 cum
875 2406 927 2460 illa
949 2421 1031 2474 posse
1051 2403 1246 2489 simplicitate,
1267 2420 1351 2471 quam

177 2493 318 2548 vindicavi
343 2494 526 2564 Antimacho,
551 2494 636 2548 fuisse
662 2469 909 2549 coniunctum-
935 2492 1065 2549 Ceterum
1088 2471 1202 2548 etiahisi
1224 2493 1350 2548 Catullus

177 2597 246 2636 voce
267 2579 414 2635 ‘tumidus'
434 2579 510 2636 idem
530 2581 686 2652 significare
701 2581 837 2636 voluisset
838 2581 935 2651 ,quod
950 2580 1138 2636 Callimachus
1158 2598 1227 2636 voce
1243 2582 1352 2650 ‘ucxd’,

178 2671 273 2724 tamen
296 2685 331 2724 ne
356 2668 416 2724 eius
440 2669 554 2738 quidem
577 2670 711 2725 iudicium
734 2687 802 2741 prae
826 2669 954 2726 Platonis
978 2668 1084 2724 iudicio
1102 2669 1187 2724 ullius
1210 2669 1353 2724 videretur

178 2758 321 2813 momenti.
359 2759 432 2813 Sunt
449 2759 525 2814 enim
543 2759 603 2814 eius
618 2761 744 2815 carmina
757 2759 838 2831 opica
851 2760 922 2815 adeo
935 2759 1004 2815 item
1018 2759 1116 2814 inflata
1130 2759 1163 2814 ut
1176 2757 1352 2826 Callimachi,

178 2861 262 2913 quem
280 2823 419 2900 imitatur
427 2847 472 2916 (cf.
492 2847 725 2903 Weidenbach
749 2849 782 2904 ds
803 2847 914 2904 Catullo
933 2848 1099 2904 Callimachi
1117 2848 1258 2902 imitatore
1277 2846 1352 2916 Iups

180 2939 267 3004 18⁷3),
286 2936 318 2988 ut
336 2934 494 3005 simplicem
509 2938 538 2991 et
551 2953 675 3006 pressam
694 2937 882 2993 elocutionem
901 2938 1005 3008 stipsi
1022 2937 1112 2993 visam
1131 2953 1190 2992 csse
1209 2953 1265 2992 non
1284 2935 1353 2991 satis

179 3023 332 3093 expolitam
351 3024 392 3078 nil
411 3026 454 3078 est
468 3022 544 3092 quod
557 3024 697 3081 miremur.
725 3025 841 3079 Prorsus
862 3027 957 3080 autem
971 3025 1043 3081 falso
1061 3025 1216 3081 Rohdius
1235 3024 1354 3080 aCalli-

178 3112 280 3167 macho
299 3111 452 3183 vituperari
470 3112 603 3182 opinatur
624 3115 837 3183 Antimachum,
860 3113 935 3182 quod
958 3115 1035 3169 omni
1057 3114 1125 3169 data
1147 3115 1293 3170 occasione
1317 3114 1354 3168 ad

179 3216 223 3255 res
242 3218 259 3254 a
276 3201 414 3271 poematis
433 3201 561 3265 consilio,
575 3201 682 3258 alienas
705 3203 879 3273 exspatiatus
902 3203 947 3259 sit.
984 3204 1027 3259 llo
1050 3201 1126 3258 enim
1149 3201 1218 3259 vitio
1242 3203 1354 3272 praeter

178 3289 305 3344 inflatam
325 3290 512 3346 elocutionem
530 3293 560 3345 et
578 3291 669 3360 ipsum
693 3310 721 3346 sc
742 3291 921 3347 obstrinxisse
941 3290 1145 3347 Callimachum
1168 3307 1264 3346 omnes
1288 3307 1353 3345 con-

180 3378 315 3446 sentiunt;
334 3397 386 3435 nec
405 3396 480 3448 sane,
500 3397 584 3450 quam
602 3379 663 3450 ipse
683 3381 806 3450 sequeris
824 3381 971 3451 rationem,
990 3380 1039 3435 alii
1058 3379 1169 3436 crimini
1183 3379 1302 3434 dederis.
1319 3410 1352 3418 -

179 3466 242 3520 Vox
261 3467 397 3524 ‘inflatus'
417 3468 518 3540 igitur,
536 3473 569 3524 ut
586 3469 641 3525 hoe
660 3470 748 3524 etiam
766 3471 851 3538 atque
871 3470 956 3524 etiam
975 3485 1183 3538 commoneam,
1207 3469 1244 3522 ad
1262 3468 1354 3523 clocu-

180 3555 285 3610 tionem
308 3557 431 3626 pertinet
454 3560 484 3612 ct
507 3557 648 3628 significat
671 3557 787 3612 nimiam
809 3558 839 3612 in
865 3559 1005 3614 narrando
1028 3557 1265 3624 describendoque
1293 3573 1354 3612 ver-

181 3643 344 3710 bositatem
363 3644 460 3713 itaque
480 3646 509 3700 st
526 3663 598 3714 quac
618 3663 652 3700 cx
670 3645 732 3716 ipso
750 3643 890 3717 poematis
908 3645 1026 3703 consilio
1043 3646 1185 3702 narranda
1202 3647 1233 3700 et
1250 3644 1353 3700 descri-

179 3732 273 3787 benda
291 3739 357 3789 sunt
375 3736 404 3788 et
422 3750 493 3804 quae
513 3734 606 3790 aliena
620 3751 637 3789 a
650 3751 680 3789 re
694 3734 730 3790 ab
749 3735 920 3806 imprudenti
934 3739 1019 3806 poeta
1033 3736 1181 3804 adduntur,
1196 3735 1246 3789 aut
1259 3749 1353 3804 presse

180 3825 231 3878 aut
249 3822 345 3877 inflate
363 3822 471 3877 narrari
490 3825 520 3878 et
537 3823 658 3879 describi
675 3826 805 3895 possunt,
829 3826 861 3879 ut
882 3825 926 3880 illi
944 3825 1020 3894 quod
1043 3825 1113 3880 dicit
1135 3823 1261 3879 Rohdius
1284 3823 1354 3878 vitio

181 3929 245 3966 cum
263 3912 362 3966 inflata
380 3910 539 3967 elocutione
558 3913 671 3968 omnino
689 3913 761 3968 nihil
780 3931 926 3969 commune
945 3913 983 3968 sit
1001 3912 1110 3981 (Rohde
1128 3931 1154 3982 p.
1176 3915 1228 3982 72).

271 4039 298 4107 1)
318 4037 425 4106 Sequor
438 4035 602 4106 Bentleyi
616 4037 813 4105 coniecturam,
828 4036 994 4106 quamfslsc
1009 4036 1192 4106 Dilthcyus
1206 4035 1354 4105 impugnat

181 4125 270 4180 hisce:
292 4124 487 4182 ‘usitatissimo
507 4141 574 4180 sane
592 4141 670 4180 more
689 4127 839 4182 corticibus
857 4127 972 4182 nomina
985 4125 1175 4181 inscribebant
1189 4123 1301 4188 Graeci3
1321 4139 1354 4177 ac

181 4217 241 4270 tam
259 4215 374 4287 vulgare
397 4217 452 4271 hoc
476 4216 537 4270 erat
560 4215 590 4269 et
608 4213 696 4270 cuivis
719 4214 798 4270 factu
815 4215 913 4284 facile,
936 4217 969 4270 ut
990 4215 1040 4270 tuo
1059 4213 1118 4269 iure
1137 4227 1268 4282 quaeras:
1294 4210 1355 4264 ‘cur

182 4304 297 4359 tandem
315 4305 459 4372 Acontius,
478 4303 503 4358 si
517 4302 661 4374 Cydippae
675 4321 778 4360 nomen
791 4304 921 4359 arborum
940 4302 1091 4358 corticibus
1104 4301 1279 4370 insculptum
1297 4297 1355 4369 legi

181 4391 285 4460 voluit,
313 4409 370 4447 ιιοιι
387 4392 536 4462 insculpsit
554 4391 643 4464 ipsel'
681 4391 895 4464 Responderimz
926 4392 1053 4463 ‘propter
1074 4390 1193 4447 nimium
1223 4387 1355 4443 nimimm

184 4482 319 4539 corticum
338 4481 505 4536 numerum’.

1105 4566 1142 4622 φ*
