3186 5088
553 1301 704 1400 Caput
731 1303 950 1404 primurn.

251 1511 340 1588 Quae
362 1511 622 1580 Schneiderus
646 1515 787 1599 prim'um
811 1515 1102 1599 inprclegcmeuis
1122 1537 1150 1580 a.
1167 1515 1250 1581 1851
1271 1515 1335 1580 edi-

163 1619 219 1702 tis,
238 1619 351 1685 deinde
369 1621 404 1684 in
423 1621 491 1686 eius
511 1621 632 1705 operis,
651 1622 737 1706 quod
757 1620 977 1687 Callimachea
994 1621 1177 1706 inscripsit,
1195 1623 1334 1689 secundo

163 1727 325 1791 volumine
340 1727 426 1793 edito
442 1750 471 1792 a.
488 1729 572 1793 1873
588 1727 626 1792 dc
639 1726 833 1794 Callimachi
852 1728 943 1793 actiis
963 1728 1132 1812 disseruit'
1142 1729 1336 1814 impugnata

162 1831 290 1916 quidem
312 1834 428 1898 aviris
452 1833 556 1899 doctis
580 1839 616 1899 ct
636 1837 790 1919 exparte
813 1835 935 1900 reiecta
957 1838 1045 1921 sunt3
1069 1833 1160 1900 velut
1181 1835 1272 1900 illam
1296 1835 1335 1899 de

162 1935 329 2022 Cyrenaeo
352 1939 478 2027 Hygini
505 1941 595 2007 fonte
619 1941 813 2006 sententiam
836 1940 1033 2006 Rauc'hius
1056 1940 1335 2006 Rohdiu·s·Dil-

96 2051 97 2056 ’
160 2045 336 2131 theyus¹)
364 2068 429 2112 unc
454 2053 564 2112 omnes
578 2053 749 2114 'consensu
772 2045 1076 2113 refellemna.····sed
1100 2069 1172 2112 cum
1195 2050 1229 2111 et
1251 2047 1336 2113 hanc

160 2143 265 2236 ipsam
292 2153 356 2218 viri
384 2153 471 2219 docti
501 2177 568 2220 non
595 2177 653 2239 per
685 2155 831 2238 singulm
863 2176 945 2239 quae
977 2153 1089 2219 attulit
1121 2151 1334 2219 Schneiderus

161 2267 364 2344 argumenta,
388 2261 649 2344 perstrinxerint,
672 2265 705 2326 et
728 2262 805 2345 alia,
829 2282 910 2346 quae
933 2260 1021 2325 haud
1040 2261 1190 2344 equidem
1207 2261 1335 2326 veriora

160 2386 229 2429 esse
257 2368 351 2450 puto,
382 2388 450 2431 ncn
478 2367 574 2461 morlo
601 2389 668 2433 non
695 2368 878 2451 reiecerint,
905 2367 961 2432 sed
990 2367 1090 2432 etiam
1118 2361 1252 2432 assensu
1277 2389 1334 2432 suc

160 2474 257 2556 atque
294 2474 489 2539 auctoritate
526 2474 804 2558 confirmaverint,
835 2496 903 2545 non
940 2474 1081 2539 alienum
1114 2474 1189 2539 duxi
1223 2495 1335 2539 omnes

161 2575 349 2642 Schneideri
377 2579 425 2644 de¹
444 2579 539 2644 aetiis
564 2581 743 2646 sententias
771 2581 876 2646 denuc
904 2585 938 2646 et
966 2580 998 2645 id
1027 2581 1155 2665 quidem
1184 2584 1336 2646 accurata

158 2684 193 2747 in
212 2685 352 2770 singulis
368 2707 466 2771 opera
484 2686 685 2772 perlustrari,
705 2691 794 2753 uteo
810 2688 915 2772 magis
933 2687 1111 2772 perspicue,
1126 2708 1208 2772 quae
1222 2708 1335 2752 revera

160 2789 198 2854 de
221 2791 279 2857 illc
302 2797 453 2876 poemate
478 2794 714 2878 sciri-possint,
738 2795 871 2860 eluceat.

248 2897 356 2982 Atque
374 2901 411 2963 ut
428 2901 569 2982 primurn
587 2921 660 2966 earn
679 2902 897 2966 examinemus
916 2901 1121 2983 sententiam,
1139 2922 1221 2985 quae
1236 2901 1334 2966 etiam

157 3003 310 3101 ltchdic
335 3006 380 3090 'et
415 3003 814 3091 Diltheyc²)‚plaenit‚
848 3007 1027 3072 affirmavit
1062 3005 1335 3093 Schneider'us‚

156 3114 289 3196 praeter
312 3111 398 3175 aetia
421 3111 488 3176 fcrc
511 3109 653 3199 nullas³)
673 3110 865 3178 Callimachi
888 3114 1010 3198 elegias
1031 3119 1129 3198 atque
1147 3113 1210 3179 hoc
1227 3115 1335 3198 ipsum

53 3291 58 3302 1
156 3215 190 3278 id
219 3215 318 3281 fuisse
352 3239 447 3303 opus,
479 3241 543 3304 quo
577 3221 794 3306 principatum
827 3221 960 3306 elcg'ac'i
988 3221 1116 3307 generis
1149 3218 1334 3305 Cyrenaeus

160 3376 376 3388 ——u———nu-

249 3466 275 3532 1)
294 3463 424 3532 Rauch,
444 3465 489 3521 dic
508 3466 675 3538 Fragmenta
695 3467 744 3524 der
762 3468 847 3524 Aitia.
871 3469 986 3524 Rastatt
1005 3473 1081 3525 1860.
1100 3485 1128 3537 p.
1146 3474 1174 3535 ὃς
1198 3468 1333 3535 Rchde‚

155 3551 207 3606 der
225 3553 399 3622 griechische
418 3554 527 3611 Roman
540 3571 567 3626 p.
583 3563 617 3612 85
637 3560 666 3612 et
684 3563 732 3624 86;
752 3557 895 3627 Dilthey
913 3558 943 3613 in
960 3556 1039 3613 Neue
1059 3559 1162 3614 Jenacr
1180 3557 1333 3612 Literatur-

155 3639 221 3696 acit.
242 3639 304 3696 Vol.
324 3642 346 3695 Ι.
366 3646 444 3698 1874.
463 3661 490 3716 p.
510 3649 563 3700 576
582 3662 642 3716 sqq.
812 3675 825 3686 ν
851 3677 853 3686 ·
871 3671 874 3682 ·
992 3681 994 3689 .
1401 3646 1406 3658 ⁴

247 3731 274 3798 2)
293 3730 409 3786 Rchde
428 3731 447 3786 l.
466 3731 485 3789 l.
504 3751 531 3806 p.
550 3738 585 3788 89
604 3733 633 3790 in
652 3734 728 3790 adn:
752 3735 862 3804 „chu
879 3735 993 3791 Kallim.
1014 3736 1055 3790 als
1073 3737 1153 3792 tener
1168 3737 1257 3805 pcata
1280 3734 1334 3790 den

152 3817 319 3874 Liebenden
338 3820 500 3890 cmpfohlen
518 3821 600 3891 vird,
624 3840 655 3878 sc
680 3823 750 3878 wird
768 3823 841 3878 doch
865 3824 1014 3880 sicherlich
1037 3841 1073 3879 an
1097 3824 1173 3902 seiae
1192 3824 1333 3898 Elegieen,

154 3908 183 3962 d.
199 3906 227 3963 h.
247 3925 284 3962 an
302 3907 378 3964 seina
392 3910 479 3978 Αῐτια,
497 3930 530 3966 zu
545 3911 654 3968 denken
672 3913 758 3968 sein“.
792 3912 949 3986 Dilthey,
968 3912 1003 3966 de
1023 3912 1189 3968 Callimachi
1208 3911 1335 3982 Cydippa

152 4015 182 4066 p.
204 4003 246 4051 ⁷5.
279 3996 454 4052 Rauchics
478 4000 515 4067 (p.
535 3995 717 4066 alconcedit
741 3997 910 4056 Schneidcro
938 3998 1032 4055 nullas
1059 3999 1145 4056 fuisse
1168 4000 1334 4056 Callimachi

152 4085 264 4154 elegias
282 4085 444 4154 amatorias,
458 4087 507 4141 scd
525 4086 655 4142 dissentit
668 4105 710 4155 eo,
725 4088 802 4158 quod
816 4087 1028 4158 epigrammatis
1041 4088 1136 4160 potius
1151 4106 1236 4159 qnam
1251 4087 1333 4143 actiis

153 4171 278 4244 elegiaci
295 4176 396 4245 poetae
415 4175 526 4230 laudem
545 4164 756 4230 Callimachum
767 4179 926 4232 assecutum
944 4193 1005 4232 csse
1025 4176 1156 4247 affirmat,
1175 4193 1231 4247 qua
1249 4177 1284 4231 de
1302 4194 1332 4232 re

153 4259 232 4316 infra
250 4263 426 4319 disseramus.

248 4355 275 4422 3)
294 4353 410 4408 Ptaeter
428 4353 559 4408 ἐπινίκιον
577 4354 735 4419 ἐλεγειακὸν
758 4351 796 4408 alc
818 4355 949 4422 iwclflrot
971 4358 1001 4410 ct
1022 4357 1165 4422 πλόκαμον
1189 4354 1334 4422 Βερενίκη(

151 4443 186 4497 et
205 4442 223 4495 Γ
224 4441 295 4507 ἁμον
315 4442 455 4509 Ἀρεινόηε
473 4444 502 4496 et
520 4441 545 4496 si
563 4459 631 4511 quas
649 4441 720 4497 alias
745 4442 851 4514 elegias
875 4443 971 4499 oblata
993 4444 1112 4500 solemni
1135 4443 1231 4512 aliqua
1253 4459 1332 4498 occa-

153 4531 236 4588 sione
254 4532 342 4602 pocta
360 4530 474 4601 scripsit
492 4528 571 4600 (Call.
590 4530 617 4584 II
636 4549 663 4601 p.
683 4533 736 4602 39).

1083 4623 1119 4676 lt
