3186 5088
717 368 984 432 -30-.

241 550 353 593 corum¹
375 528 511 594 classem
538 528 666 612 magnis
695 528 858 593 adflixisse
880 529 1131 613 tempestatibus
1158 525 1333 611 multisque
1361 548 1410 590 ce-

238 638 383 701 terorum
406 635 572 720 oppressis
599 635 708 719 ipsum
730 634 879 719 Aiacem,
909 657 1066 702 concussa
1089 636 1166 700 nari
1189 635 1341 719 eiectum,
1370 634 1409 699 ad

240 764 318 808 saxa
338 741 510 828 adpulisse.
546 741 606 806 Ille
620 763 697 807 vero
718 763 791 807 oum
809 765 849 808 nc
869 746 945 809 tunc
965 743 1095 828 quidem
1114 742 1283 807 defunctus
1298 763 1411 824 super-

238 849 294 913 bia
321 870 355 913 se
384 849 531 933 quamvis
559 848 661 912 invito
691 847 749 912 deo
774 853 939 914 servatum
970 849 1011 914 iri
1034 849 1186 933 iactaret,
1214 851 1308 912 tanta
1330 847 1410 912 indi·

239 956 374 1039 gnatum
398 953 574 1018 insolentia
596 952 787 1037 Neptunum
811 955 912 1020 scisso
942 976 1015 1019 eum
1039 976 1117 1018 saxo
1145 954 1240 1018 undis
1268 954 1410 1018 submer-

240 1062 330 1126 sisse.
367 1063 397 1124 A
420 1059 568 1126 Minerva
596 1064 705 1125 autem
732 1062 969 1146 praescriptum
992 1059 1105 1126 Locris
1129 1082 1213 1146 esse,
1241 1082 1299 1144 per
1322 1061 1410 1126 mille

239 1166 314 1232 inde
338 1188 441 1232 annos
464 1171 502 1232 ut
521 1167 671 1252 expiandi
692 1167 820 1234 sceleris
841 1190 938 1234 causa
960 1168 1104 1253 virgines
1127 1170 1214 1232 sorte
1233 1167 1410 1233 destinatas

240 1274 280 1338 ad
314 1268 508 1358 supplicium
540 1273 673 1340 Troiam
705 1275 880 1340 mitterent.
926 1273 1093 1359 Sequitur:
1126 1275 1147 1353 ἡ
1174 1274 1293 1355 ἱετορία
1325 1276 1411 1353 παρὰ

241 1379 430 1464 Καλλιμάχῳ
445 1381 480 1445 έν
495 1375 524 1444 α’
539 1380 662 1445 Αἰτίων.
698 1380 812 1446 Paullo
827 1380 1008 1446 accuratius
1024 1380 1135 1445 eadem
1150 1383 1263 1446 narrat
1281 1380 1410 1445 Taetzes

240 1486 281 1552 ad
308 1485 467 1572 Lycophr.
490 1510 521 1553 ν.
546 1488 646 1572 1141,
675 1489 729 1572 qui
756 1491 886 1572 praeter
914 1490 1021 1553 cetera
1049 1488 1129 1552 haec
1158 1509 1285 1572 quoque
1299 1487 1410 1581 ¹tradi·

239 1593 299 1658 dit:
326 1596 378 1660 καὶ
409 1597 539 1672 πρῶτον
570 1595 627 1674 μέν
655 1595 712 1658 τὰ(
741 1597 935 1675 παρθένους,
964 1593 1034 1660 εἶτα
1066 1595 1106 1658 τὰ
1140 1596 1241 1675 βρέφη
1272 1593 1411 1658 ένιαύεια

239 1701 318 1781 μετὰ
340 1705 406 1765 τῶν
428 1704 562 1780 τροφῶν
591 1700 699 1766 αὐτῶν
726 1701 871 1780 ἔπεμπον
899 1702 930 1765 οἱ
958 1701 1082 1781 Λοκροί.
1127 1701 1245 1766 Χιλίων
1269 1701 1304 1764 δὲ
1329 1701 1411 1764 ἐτῶν

239 1805 469 1887 παρελθόντων
492 1856 499 1870 .
523 1856 531 1873 .
554 1858 561 1872 .
585 1807 767 1872 έπαύεαντο
789 1815 846 1889 τῆς
869 1809 1018 1887 τοιαύτη(
1036 1807 1143 1872 θυείας
1166 1858 1173 1871 .
1198 1858 1236 1886 κ.
1260 1808 1411 1886 μέμνηται

240 1916 275 1980 δὲ
298 1921 355 1996 τῆς
373 1914 511 1995 ἱετορία(
529 1916 580 1981 καὶ
599 1914 618 1979 ὁ
639 1917 814 1995 Κυρηναῖος
835 1915 1044 1995 Καλλίμαχοι.
1078 1912 1179 1979 Vides
1199 1912 1412 1998 aptissimum,

240 2021 326 2105 quod
342 2023 487 2088 'carmine
507 2025 687 2106 exponatur
705 2021 817 2106 αἴτιον.
850 2020 966 2107 Itaque
979 2021 1147 2106 proprium
1162 2019 1297 2086 alicuius
1314 2020 1413 2105 primi

240 2129 317 2222 libri
344 2130 468 2216 elegiae
496 2129 667 2194 consilium
694 2128 795 2194 fuisse
830 2131 953 2212 statuo,
984 2131 1022 2192 nt
1048 2131 1181 2193 narrata
1208 2127 1265 2192 illa
1291 2126 1412 2209 fabula,

240 2236 324 2302 unde
347 2257 417 2301 mos
432 2237 494 2300 iste
508 2235 684 2301 Locrorum
704 2236 862 2320 originem
883 2235 1038 2317 duxisset,
1063 2234 1286 2318 explicaretur.
1319 2231 1412 2308 Quod

240 2343 268 2408 si
295 2344 364 2408 iure
393 2343 506 2427 statui,
538 2365 638 2408 unum
661 2342 818 2407 habemns
849 2341 947 2425 primi
975 2339 1050 2404 lib'ri
1080 2362 1226 2425 carmen,
1256 2340 1341 2424 quod
1370 2338 1411 2404 ad

241 2469 361 2534 agones
393 2448 484 2513 nullo
517 2452 612 2531 pacto
642 2448 813 2532 pertineat.
864 2447 910 2511 At
941 2468 1018 2512 vero
1052 2444 1314 2511 Schneiderus
1346 2467 1412 2511 non

239 2554 341 2620 fuisse
363 2556 467 2640 primo
490 2554 575 2619 libro
603 2556 761 2620 tractatos
790 2575 910 2639 agones
940 2576 980 2618 ne
1009 2553 1073 2619 sibi
1101 2552 1337 2618 concedendum
1361 2553 1412 2638 sit,

240 2662 332 2726 illam
359 2662 504 2726 fabulam
532 2660 627 2746 fingit
650 2661 806 2725 insertam
832 2660 932 2725 fuisse
961 2659 1097 2744 elegiae,
1126 2660 1217 2725 ouius
1245 2661 1412 2744 proprium

240 2771 466 2854 argumentum
495 2767 616 2833 fuerint
648 2787 768 2852 agonas
795 2766 831 2830 in
858 2766 1015 2831 honorem
1043 2765 1186 2831 Patrocli
1214 2767 1255 2833 ab
1283 2766 1412 2831 Achille

240 2873 435 2961 celebratil)
473 2872 618 2938 Sedhac
641 2873 774 2939 fictione
797 2894 895 2956 quam
918 2877 1104 2941 monstrosa
1126 2874 1270 2939 nascitur
1289 2873 1412 2958 elegiae

240 2981 375 3067 species!
420 2981 474 3048 An
505 3002 617 3046 revera
648 2984 744 3066 putas
776 2981 816 3046 ab
845 2980 955 3045 Aiacis
985 2981 1091 3046 Ulixis
1119 2980 1286 3046 Antilochi
1314 2983 1413 3045 certa·

240 3089 326 3154 mine
350 3089 567 3172 exspatiatum
591 3110 660 3153 esse
684 3091 815 3173 poetam
823 3087 879 3184 ad
902 3090 1039 3154 mortem
1062 3087 1189 3173 Aiacis,
1212 3089 1315 3153 multo
1337 3090 1413 3172 post

239 3197 374 3281 factam,
397 3197 431 3259 et
453 3195 494 3260 ab
518 3194 579 3260 hac
603 3216 714 3260 rursus
737 3195 871 3259 rediisse
895 3193 935 3258 ad
959 3215 997 3258 ea
1023 3193 1199 3279 narranda,
1228 3216 1310 3278 quae
1337 3194 1411 3259 vivo

239 3304 339 3369 Aiace
362 3303 450 3369 facta
473 3302 573 3367 sunt?
609 3301 780 3367 Eiusmodi
810 3323 961 3366 excursus
988 3323 1030 3366 ne
1058 3300 1257 3367 Callimacho
1282 3301 1412 3387 quidem

239 3410 401 3494 imputare
419 3409 510 3493 licet,
534 3408 680 3492 quamvis
704 3409 772 3474 eius
793 3408 962 3494 ingenium
986 3408 1027 3471 ad
1045 3408 1216 3473 inserenda
1234 3408 1286 3472 vel
1305 3408 1410 3472 aliena

238 3515 436 3582 carminibus
465 3517 531 3582 suis
560 3511 784 3600 inclinaret²);
816 3536 876 3581 nec
906 3515 991 3579 enim
1019 3515 1104 3580 ullus
1132 3518 1240 3580 exstat
1266 3516 1301 3579 in
1329 3507 1409 3599 ipsis

329 3782 355 3852 1)
375 3780 505 3837 Ceterum
524 3781 626 3836 iterum
644 3781 697 3836 hoc
715 3780 778 3835 loco
798 3797 911 3850 moneo,
934 3780 1084 3849 quodiam
1104 3797 1187 3850 supra
1211 3780 1246 3835 da
1265 3797 1299 3836 ea
1316 3778 1413 3836 monui

240 3870 340 3943 elegia,
361 3887 417 3940 qua
435 3870 665 3926 Schneiderue
683 3870 765 3926 ludos
780 3871 810 3924 in
823 3869 932 3924 Paridis
950 3869 1085 3924 honoram
1100 3870 1257 3926 celebratos
1275 3871 1412 3923 tractasse

238 3962 352 4031 poetam
376 3959 490 4015 statuit:
514 3960 595 4016 ludos
622 3959 709 4015 semel
734 3960 845 4014 tantum
871 3957 1027 4014 celebratos
1053 3976 1109 4014 non
1132 3976 1191 4014 esse
1216 3959 1412 4028 argumentum

238 4049 439 4120 aetiologicum
456 4065 508 4104 nec
526 4048 610 4104 licere
624 4047 685 4104 viro
705 4048 789 4103 docto
808 4064 824 4102 e
842 4047 937 4118 logica
955 4046 1064 4103 ratione
1079 4047 1156 4102 aliud
1175 4047 1298 4102 statuere
1317 4046 1412 4102 aetion

237 4139 307 4207 nisi,
325 4139 399 4194 unde
417 4139 499 4193 indae
518 4137 606 4208 aliqui
624 4136 757 4193 solemnis
774 4134 888 4191 initium
907 4137 1020 4207 ceperit.

309 4231 336 4298 2)
355 4227 396 4283 cf.
420 4227 580 4297 elegantem
602 4226 683 4281 illam
705 4225 974 4282 Weidenbachii
997 4225 1275 4295 commentationem,
1297 4224 1327 4280 in
1355 4242 1412 4294 qua

151 4354 162 4360 -
238 4317 273 4372 aa
291 4318 346 4373 hoc
363 4333 441 4372 more
459 4314 626 4370 cerumar
640 4317 670 4370 a
682 4314 718 4370 re
737 4313 801 4370 une
816 4315 902 4370 earm
921 4314 980 4370 erus
999 4313 1125 4368 mincia
1144 4312 1249 4383 optime
1269 4313 1411 4380 neaerae,
1491 4297 1516 4360 .'

238 4406 317 4460 velut
335 4406 369 4460 de
392 4421 426 4461 eo
444 4405 521 4474 quod
548 4405 765 4474 ‘praeoccupare
785 4404 858 4458 solet
879 4402 1046 4473 posteriora,
1070 4404 1102 4457 ut
1123 4402 1189 4458 inde
1213 4404 1284 4460 flexo
1308 4402 1409 4459 itinere

237 4493 422 4564 regrediendo
439 4511 484 4549 res
498 4495 584 4550 antea
600 4493 695 4564 gestas
709 4495 900 4563 persequatur,
914 4493 1003 4548 donec
1016 4510 1110 4548 rursus
1123 4493 1198 4548 unde
1212 4492 1409 4548 exordiebatur
