3186 5088
721 342 940 408 -10-

333 502 410 569 Non
434 503 538 569 solum
561 502 676 588 optimi
699 524 738 567 ex
761 501 993 570 Baehrensii
1021 503 1185 568 sententia
1213 503 1337 569 codices
1361 503 1417 568 sed

245 608 343 674 etiam
367 609 605 694 Neapolitanus
628 610 712 676 hanc
731 611 892 694 praebent
914 611 1119 696 scripturam:

280 779 286 790 ·
403 753 490 818 Nom
512 773 622 819 mersas
644 754 722 818 licet
744 751 856 819 Aetoli
879 755 999 820 referas
1023 753 1177 837 Acheloi,
1293 757 1298 766 '

446 859 592 925 Fluxerit
614 864 652 925 ut
675 880 792 945 magno
816 864 923 926 taetus
947 884 1056 927 amore
1079 862 1199 946 liquor,

402 967 510 1051 Atque
530 967 628 1032 etiam
646 971 684 1032 ut
702 968 847 1052 Phrygio
866 968 968 1034 fallax
987 968 1176 1036 Maeandria
1196 989 1309 1051 campo

447 1073 547 1139 Errat
569 1077 601 1139 et
623 1073 694 1160 ipsa
718 1097 792 1140 suas
816 1075 936 1161 decipit
958 1075 1045 1140 unda
1067 1075 1153 1157 vias,

405 1179 516 1257 Qualis
541 1184 574 1245 et
596 1180 729 1247 Adrasti
752 1180 849 1246 fuerit
872 1181 995 1247 vocalis
1018 1179 1121 1246 Arion

448 1287 565 1352 Tristis
588 1289 629 1352 ad
651 1287 843 1354 Archemori
865 1287 981 1354 funera
1004 1288 1108 1354 victor
1131 1309 1251 1372 equus:

243 1425 489 1515 Groninganum
533 1431 635 1497 secuti
672 1431 806 1514 plurimi
841 1430 901 1494 viri
940 1429 1026 1494 docti
1064 1452 1122 1513 pro
1160 1428 1303 1495 ‘rursus’
1340 1431 1417 1495 scri-

241 1539 379 1618 pserunt
397 1535 532 1602 ‘cursus'
557 1541 590 1603 et
607 1538 640 1601 in
659 1537 758 1602 verbo
778 1536 876 1602 ‘licet'
896 1536 1135 1602 adhortativam
1158 1537 1225 1602 vim
1243 1537 1350 1602 inesse
1369 1525 1417 1602 arss

241 1640 356 1706 bitrati
378 1643 484 1708 locum
509 1643 554 1708 sic
577 1643 643 1708 fere
666 1644 875 1729 intellegunt:
904 1642 1057 1708 ‘Imitaris
1081 1642 1243 1709 Philotam
1267 1648 1301 1708 et
1323 1643 1418 1710 Calli-

241 1749 392 1813 machum
418 1751 521 1833 itaque
538 1757 683 1833 poemata
706 1753 863 1834 confflem,
894 1751 1010 1834 quibus
1039 1747 1175 1815 Acheloi
1202 1750 1419 1836 depingantur

243 1878 369 1922 amores
394 1857 473 1923 eta'.
511 1856 615 1933 Quam
634 1859 663 1923 si
683 1859 826 1942 sequeris
849 1858 1161 1941 interpretationem,
1184 1858 1298 1922 statim
1321 1859 1418 1942 parti·

243 1963 349 2027 culam
373 1961 481 2028 ‘nam'
505 1965 668 2029 causalem
692 1964 769 2028 ferri
791 1986 857 2029 non
881 1987 976 2050 posse
1003 1963 1135 2028 videbis.
1182 1961 1242 2030 Sed
1268 1965 1365 2030 etiam
1389 1965 1417 2029 si

243 2069 359 2135 viliora
383 2075 512 2136 secutus
532 2072 751 2157 manuscripta
770 2093 844 2136 curn
862 2069 1103 2136 Baehrensio
1128 2071 1295 2154 scripseris
1314 2070 1418 2154 ‘Iam',

243 2175 437 2242 offensiones
465 2181 636 2243 remanent
668 2180 887 2265 gravissimae.
935 2177 1022 2243 Num
1056 2178 1147 2242 miris
1179 2176 1247 2242 illis
1273 2177 1418 2262 Acheloi,

241 2281 423 2368 Maeandri,
441 2283 632 2350 Archemori
646 2285 780 2370 fabulis,
800 2307 936 2370 quarum
951 2285 1049 2350 tertia
1067 2284 1158 2349 nullo
1174 2284 1305 2348 omnino
1323 2287 1417 2368 pacto

245 2391 285 2456 ad
309 2412 454 2454 amorem
481 2391 634 2476 pertinet,
662 2392 786 2477 puellas
815 2391 924 2475 pellici
953 2391 1146 2456 arbitraris?
1185 2388 1219 2455 Si
1248 2412 1324 2456 vero
1352 2414 1418 2456 non

243 2497 427 2581 arbitraris,
453 2497 508 2582 qui
531 2502 624 2581 potes
647 2501 762 2583 putare
787 2488 806 2562 a
829 2497 1014 2582 Propertio,
1044 2496 1202 2561 eiusmodi
1229 2496 1357 2562 fabulas
1381 2501 1418 2562 ut

242 2605 388 2669 versibus
411 2607 551 2688 tractet,·
565 2605 731 2690 Lynceum
755 2604 943 2670 admoneri?
979 2603 1104 2669 Deinde
1128 2603 1226 2669 ‘licet'
1250 2625 1322 2668 cum
1342 2627 1418 2669 con-

242 2710 386 2775 iunctivo
402 2711 472 2775 sine
487 2711 584 2778 dubio
604 2712 711 2776 minus
731 2712 841 2796 gravis
859 2710 1001 2776 formula
1018 2709 1224 2774 adhortativa
1238 2714 1297 2792 est,
1320 2733 1417 2796 quam

245 2821 282 2882 ut
299 2817 461 2902 hocloco,
485 2840 547 2902 quo
563 2839 689 2882 summa
707 2820 805 2901 poeta
823 2817 983 2903 gravitate
1004 2816 1157 2901 loquitur,
1181 2820 1256 2900 apte
1271 2817 1418 2881 adhiberi

241 2926 398 2991 videatur.
439 2923 559 2990 Omnes
588 2924 649 2988 hae
675 2928 882 2989 removentur
905 2922 1112 3000 difficultates
1120 2920 1160 3008 1),
1184 2922 1212 2986 si
1235 2945 1308 2988 cum
1328 2922 1416 2989 Sea-

242 3033 366 3117 ligero
391 3031 556 3096 lenissima
579 3031 761 3096 litterarum
780 3029 1018 3116 permutatione
1037 3051 1096 3113 pro
1116 3028 1225 3094 ‘Nam'
1246 3030 1417 3095 scribimus

242 3136 349 3204 ‘Non'.
385 3138 476 3203 Tunc
507 3138 593 3202 enim
620 3137 674 3203 hio
705 3139 807 3202 totius
831 3137 896 3203 loci
924 3135 1033 3201 evadit
1057 3157 1184 3200 seusus:
1217 3134 1278 3199 ‘Tu
1305 3137 1414 3220 potius
1470 3117 1474 3128 ⁸

242 3246 388 3310 Philetae
403 3245 547 3311 carmina
566 3245 727 3309 amatoria
744 3244 881 3309 imiteris
896 3266 994 3329 quam
1013 3243 1098 3308 aetia
1112 3240 1320 3322 Callimachi3
1340 3265 1417 3306 nam

243 3374 309 3417 non
333 3353 394 3418 tibi
412 3353 501 3436 licet,
525 3352 553 3416 si
577 3351 707 3437 quidem
724 3351 842 3436 puellis
861 3352 989 3435 placere
1007 3350 1071 3433 vis,
1093 3349 1247 3414 miracala
1263 3350 1414 3432 proferre,

242 3480 321 3542 qaae
342 3480 363 3524 o
385 3479 457 3525 vera
479 3480 583 3524 rerum
605 3464 722 3524 actara
744 3459 919 3538 obhorreat,
942 3458 1032 3523 velut
1050 3479 1162 3522 amnes
1182 3441 1302 3521 ainoris
1323 3455 1415 3520 affec-

241 3565 330 3630 tibus
352 3568 517 3650 correptos
541 3568 598 3629 aut
621 3586 738 3649 equum
761 3565 904 3630 humana
926 3562 1108 3648 praeditum
1135 3562 1234 3628 roce'.
1272 3562 1416 3640 Quocum

243 3671 315 3737 vide
339 3694 435 3757 quam
454 3672 536 3737 bene
556 3672 705 3737 concinat
723 3672 804 3736 illud
822 3670 983 3736 Martialis
1003 3669 1204 3753 epigramma
1223 3691 1321 3755 supra
1340 3669 1418 3735 alla-

243 3783 329 3862 tum,
358 3799 420 3863 quo
449 3781 483 3842 et
510 3777 582 3862 ipso
610 3777 712 3841 mirae
743 3776 819 3840 illae
852 3780 885 3840 et
915 3798 934 3840 a
960 3776 1078 3839 natura
1106 3774 1232 3838 alienae
1258 3777 1417 3841 aetiorum

243 3885 374 3950 fabulae
397 3885 587 3950 illuduntur.

332 3990 422 4056 Haeo
458 3991 559 4076 igitur
596 3988 788 4075 Scaligeri
820 3987 1004 4053 emendatio
1039 3987 1207 4053 verissima
1241 3987 1299 4050 est.
1345 3984 1415 4048 Iam

245 4101 283 4165 de
316 4098 463 4183 sequenti
495 4098 594 4163 verbo
628 4096 794 4182 quaeritur
827 4095 904 4180 quid
936 4095 1144 4161 statuendum
1177 4092 1231 4157 sit.
1283 4091 1416 4158 Etenim

244 4206 305 4289 ita,
333 4209 370 4269 ut
397 4204 494 4269 modo
528 4203 681 4287 diximus,
713 4204 740 4268 si
772 4202 1010 4288 intellegendus
1038 4203 1128 4266 locus
1161 4202 1226 4284 est,
1251 4199 1318 4264 iam
1350 4222 1418 4265 uon

337 4382 362 4450 1)
381 4380 456 4446 Quas
483 4379 544 4450 ipse
568 4378 693 4450 Scaliger
716 4377 784 4434 satis
808 4378 940 4433 nimirum
962 4393 1009 4432 aas
1037 4376 1135 4447 patero
1164 4377 1242 4432 ratus
1269 4393 1304 4431 na
1332 4374 1417 4432 verbo

245 4468 358 4539 quidem
376 4468 481 4540 attigit.
