3186 5088
666 341 796 406 ...,3'1
846 376 884 386 .-

279 499 387 586 Atque
405 501 548 587 primum
565 501 761 566 elocutionem
780 498 974 566 Callimachi
996 501 1029 566 in
1049 501 1142 565 aetiis
1162 523 1233 567 eam
1254 501 1363 587 fuisse,

190 631 271 694 quae
289 608 469 692 ‚Propertio
501 609 535 670 et
562 605 705 672 Lucieno
738 610 775 671 ut
804 607 916 688 inflato
943 607 1141 691 displiceret,
1170 607 1206 690 id
1238 609 1273 673 in
1306 609 1363 693 eis,

189 736 270 800 quae
299 713 507 796 antecedunt,
536 713 614 778 satis
638 735 690 778 me
713 713 928 798 probabiliter
951 713 1190 778 demonstrasse
1214 715 1362 780 arbitror.

188 820 257 886 Nec
289 821 382 887 video
415 819 577 904 equidem,
609 819 665 904 qui
694 816 941 905 Diltheyus1)
970 818 1105 884 Luciani
1134 820 1289 886 iudicium
1322 822 1362 887 ad

190 931 382 1012 argumenta
419 926 528 1010 potius
561 923 751 990 Callimachi
787 948 883 1010 quam
917 926 957 991 ad
995 927 1218 1003 elocutionem
1244 927 1363 992 referre

188 1035 339 1118 potuerit.
385 1032 472 1098 Nam
499 1035 585 1098 certe
612 1053 680 1097 non
707 1032 740 1096 id
763 1029 927 1116 Cyrenaeo
956 1033 1083 1098 crimini
1113 1033 1170 1098 dat
1192 1034 1363 1120 Lucienus,

190 1142 275 1228 quod
306 1143 529 1206 monstruosas
559 1139 801 1225 horrendasque
831 1162 882 1204 res
913 1145 1156 1226 commemoret,
1189 1142 1244 1207 sed
1277 1143 1363 1230 quod

189 1250 365 1314 inauriatur
392 1248 427 1312 in
456 1247 673 1312 memorandis
698 1247 752 1331 eis,
776 1247 795 1311 i.
818 1269 844 1312 c.
868 1247 953 1333 quod
977 1249 1204 1332 amplificando
1234 1251 1363 1335 singula

111 1361 112 1364 ’
189 1358 222 1419 et
245 1355 429 1421 exornando
454 1355 610 1419 verbosus
638 1354 697 1418 fiat
726 1355 823 1438 atque
848 1355 989 1420 inflatus.
1036 1356 1125 1432 Quae
1150 1355 1293 1420 ‘inflata'
1317 1356 1363 1421 di-

188 1461 279 1526 cendi
302 1462 387 1526 ratio
411 1461 517 1546 qualis
540 1460 650 1546 fuerit,
673 1464 710 1525 ut
733 1482 771 1525 eo
795 1461 900 1546 magis
925 1466 1095 1547 appareat,
1118 1463 1275 1528 nonnulla
1297 1464 1362 1528 iam

186 1568 267 1633 libet
296 1568 443 1652 exempla
473 1567 587 1632 afferre
619 1567 741 1651 partim
775 1589 814 1631 ex
841 1567 1040 1633 Aristaeneti
1068 1567 1233 1654 Cydippae
1263 1572 1363 1634 meta-

188 1674 302 1759 phrasi
324 1674 445 1758 partim
468 1695 507 1738 ex
531 1670 655 1738 Catulli
682 1672 852 1757 desumpta
880 1675 1020 1739 carmine
1043 1672 1158 1759 LXIV,
1186 1674 1271 1759 quod
1294 1675 1364 1760 etsi,

190 1779 321 1845 heroico
345 1801 459 1864 nempe
482 1801 616 1845 numero
640 1780 813 1865 scriptum,
837 1801 874 1844 ex
899 1781 993 1846 aetiis
1018 1781 1194 1864 repetitum
1216 1785 1364 1866 nonest,

188 1889 311 1972 tamen,
334 1909 407 1953 oum
431 1890 464 1952 et
485 1887 593 1972 ipsum
617 1887 701 1973 epici
724 1887 767 1952 sit
791 1888 990 1974 argumenti,
1019 1888 1153 1953 eandem
1181 1891 1278 1971 atque
1306 1888 1364 1952 illa

188 1994 404 2060 elocutionem
434 1996 589 2078 praebere
618 1997 872 2061 consentaneum
901 1998 960 2061 est.
1006 1993 1113 2079 Atque
1136 1995 1268 2060 ineunte
1291 1994 1364 2060 Ari·

188 2101 327 2165 staeneti
351 2101 489 2185 epistola
512 2122 595 2185 quae
619 2100 827 2166 inveniuntur
849 2102 1022 2185 praeconia
1049 2102 1174 2166 formae
1198 2100 1364 2186 Cydippae

188 2211 221 2272 et
234 2207 368 2272 Acontii
390 2207 504 2272 inflata
526 2229 597 2273 esse
615 2229 711 2273 nemo
730 2208 907 2294 negaverit.
945 2207 1029 2274 Sunt
1048 2208 1135 2273 enim
1153 2209 1253 2274 verba
1270 2209 1378 2273 haec:-

188 2313 262 2395 ‘rip
295 2317 353 2394 μὲν
385 2314 480 2380 dauci
514 2320 582 2380 τοῑτ
615 2315 730 2396 ἑαυτῆ(
758 2315 938 2396 φιλοτίμοις
965 2314 1155 2396 κεκόεμηκεν
1183 2314 1363 2396 Ἀφροδίτη,

188 2421 289 2499 μόνου
321 2425 380 2485 τοῦ
412 2427 522 2486 κεττοῦ
556 2424 744 2503 φειταμένη·
777 2425 828 2488 καὶ
858 2427 975 2487 τοῦτον
1005 2424 1087 2502 πρὸ(
1114 2425 1172 2502 τὴν
1200 2422 1364 2503 πάρθενον

188 2526 275 2607 εἶχεν
316 2527 479 2607 ἐξαίρετον
515 2529 535 2608 ἡ
568 2528 650 2594 θεός.
700 2530 753 2592 καὶ
789 2534 858 2594 τοῖς
895 2529 1008 2610 ὄμματι
1041 2530 1173 2609 Χάριτετ
1206 2530 1246 2594 οὐ
1277 2533 1364 2609 τρεῖς

187 2776 284 2829 Danao
299 2774 384 2844 poeta
398 2773 590 2842 Hymenaeum
604 2774 773 2845 coniungere
788 2773 934 2845 potuisset.
964 2774 1018 2830 Sed
1031 2791 1067 2830 ne
1080 2774 1135 2829 hoc
1148 2791 1204 2830 uno
1220 2773 1363 2829 Schnei-

187 2861 261 2916 deri
279 2861 482 2932 expositionem
500 2863 629 2919 laborare
648 2862 783 2934 opineris,
802 2863 859 2919 iam
878 2863 973 2934 pergit
989 2864 1083 2919 verbis
1102 2863 1159 2918 his:
1180 2863 1222 2918 ‘at
1238 2879 1325 2930 quum
1345 2879 1362 2918 a

187 2951 257 3007 Lino
276 2968 332 3006 non
356 2949 448 3005 minus
471 2968 556 3020 quam
579 2952 616 3006 ab
638 2951 800 3021 Hymenaeo
824 2953 979 3009 carminum
1002 2969 1090 3022 genus
1112 2969 1215 3007 nomen
1237 2952 1363 3021 traxerit,

187 3041 224 3095 ad
243 3040 303 3094 eius
322 3039 448 3094 fabulam
465 3039 513 3094 hic
531 3041 600 3110 puto
619 3039 822 3095 Callimachum
847 3057 907 3096 esse
930 3041 1140 3110 exspatiatum’.
1178 3040 1284 3096 Deinde
1307 3056 1365 3096 non

189 3129 279 3184 solum
293 3130 402 3198 septem
415 3129 583 3199 fragmenta,
598 3145 670 3198 quae
684 3128 741 3183 iam
755 3131 839 3184 antea
853 3130 900 3183 He
909 3129 1032 3184 okerus
1052 3129 1088 3183 ad
1102 3128 1203 3184 Linum
1222 3129 1363 3199 pertinere

191 3216 389 3286 affirmaverat,
409 3233 443 3271 ex
462 3233 495 3272 eo
515 3235 598 3287 quem
616 3217 717 3273 statuit
740 3235 857 3273 excursu
876 3217 1044 3287 deprompta
1067 3233 1125 3272 esse
1149 3215 1290 3287 concedit,
1314 3216 1363 3272 sed

191 3307 277 3363 etiam
296 3305 353 3361 alia
376 3323 424 3360 sex
448 3307 555 3376 septem
581 3306 639 3360 illis
662 3306 697 3361 de
721 3324 771 3361 suo
794 3306 881 3362 addit.
918 3305 1029 3361 Vellem
1052 3305 1167 3360 dixisset
1189 3305 1233 3360 vir
1255 3305 1363 3376 doetus,

187 3398 257 3467 quot
274 3395 332 3451 fere
351 3395 410 3450 eius
425 3395 555 3450 carminis
574 3411 669 3450 versus
683 3395 720 3452 ad
734 3395 878 3466 proprium
897 3396 1103 3465 argumentum,
1122 3393 1246 3462 quoted
1265 3387 1362 3448 circur-

188 3503 250 3540 sum
267 3484 349 3539 ssiam
367 3483 534 3554 pertinuisse
553 3484 692 3553 censeret,
716 3501 785 3553 quo,
805 3501 890 3554 quam
909 3484 1068 3539 monstrosa
1086 3498 1121 3538 ex
1139 3483 1198 3537 eius
1222 3482 1362 3536 sententia

187 3572 274 3627 fuerit
291 3570 383 3642 poesis
398 3571 598 3640 Callimaehea,
617 3572 703 3627 etiam
717 3573 807 3643 magis
822 3573 978 3642 appareret.
1006 3571 1145 3640 Equidem
1159 3587 1225 3626 vero
1239 3569 1361 3624 Pseudo·

189 3659 324 3730 hyginum
347 3660 496 3734 statuerim,
515 3659 546 3713 in
569 3659 663 3729 graeci
687 3659 831 3715 cuiusdam
855 3659 1032 3730 grammatici
1054 3659 1126 3715 libro
1148 3659 1237 3714 verba
1258 3657 1362 3728 legisse

187 3749 246 3805 fere
264 3749 346 3804 haec:
368 3749 475 3815 ‘opvorc
494 3751 558 3803 ὅθεν
579 3749 722 3815 Ὑμέναιοτ
741 3750 943 3817 ὲπωνὸματται’
965 3765 1053 3818 eaque
1072 3748 1201 3818 neglecto
1220 3749 1314 3817 etymo
1333 3747 1363 3802 in

187 3837 307 3894 latinum
325 3853 483 3891 sermonem
501 3837 631 3893 vertisse:
652 3837 758 3905 ‘cantra
776 3839 849 3893 undo
869 3839 935 3893 eto'.

279 3930 305 3998 1)
324 3926 365 3981 De
385 3924 454 3980 Call.
474 3925 603 3995 Cydippe
625 3944 652 3995 p.
672 3931 718 3980 22:
745 3925 830 3980 ‘unde
853 3927 980 3994 repetes,
1004 3923 1080 3993 quod
1103 3923 1179 3993 apud
1201 3922 1363 3978 Martialem

187 4018 213 4072 X
232 4023 249 4071 4
268 4017 363 4086 aliqua
380 4012 511 4070 veritatis
530 4014 719 4083 superlatione
738 4015 816 4070 aetia
832 4013 998 4069 Callimachi
1017 4012 1147 4068 abstrusa
1164 4012 1310 4081 quaelibet
1328 4027 1362 4066 ac

188 4107 352 4176 portentosa
370 4105 400 4159 et
418 4119 435 4158 a
453 4101 595 4158 cotidiana
619 4101 680 4156 vita
702 4102 889 4159 remotissima
912 4101 1078 4174 significant
1116 4101 1176 4168 Quo
1200 4101 1228 4155 et
1247 4099 1363 4153 Luciani

188 4193 262 4249 redit
280 4193 338 4247 fere
356 4192 432 4261 (sici)
452 4189 566 4258 crimen,
581 4187 784 4244 Callimachum
803 4192 991 4246 monetmosas
1004 4190 1211 4257 horrendasque
1225 4203 1269 4242 res
1282 4187 1362 4240 luxu·

188 4283 309 4338 rientem
328 4281 501 4352 depingere'.
538 4278 637 4350 Vides,
661 4295 717 4347 qua
738 4278 781 4333 vir
804 4278 903 4334 doctus
926 4279 1034 4334 ratione
1057 4294 1119 4333 eam
1142 4293 1253 4344 vocem,
1276 4293 1361 4344 quam

189 4388 224 4426 ex
248 4369 364 4425 Lucieni
390 4369 482 4425 verbis
504 4385 603 4440 urgere
627 4368 753 4435 delebat,
778 4367 988 4424 ‘luxuriantem’
1015 4382 1127 4438 nempe,
1151 4365 1232 4435 quasi
1257 4364 1361 4420 nullius

189 4460 265 4516 esset
283 4457 427 4528 momenti,
445 4458 617 4528 represserit.
