3186 5088
682 339 877 404 -5-

23 536 25 550 =
142 511 145 514 ’
190 527 263 570 oum
292 505 363 569 tota
391 501 532 587 pendeat
561 507 599 565 e'x
629 501 872 583 interpretando
900 498 1062 584 Propertii
1090 495 1231 564 carmine
1254 498 1287 564 ΙΙ
1310 501 1362 584 34,

189 632 293 695 pauca
317 610 355 674 de
375 631 412 674 eo
431 610 539 694 placet
557 609 773 692 praemittere.
809 607 953 672 Primum
972 607 1066 672 valde
1091 607 1238 692 equidem
1262 608 1362 673 miror

190 713 324 800 Caspari
345 712 530 801 Barthii¹)
555 715 593 778 de
612 713 801 789 dissecando
813 714 883 778 hoc
901 715 1041 779 carmine
1060 717 1093 778 et
1110 715 1144 777 in
1164 714 1244 778 duas
1267 736 1362 798 pecu·
1383 715 1387 721 ’

188 825 286 889 liares
319 823 441 908 elegias
474 821 645 888 dividendo
675 823 716 886 ab
745 821 895 886 omnibus
925 821 1029 886 adhuc
1057 822 1135 885 viris
1165 819 1268 884 doctis
1296 843 1362 885 uno

189 909 427 995 Baehrensio
455 931 587 1013 excepto
616 950 686 993 esse
710 931 861 1011 spretam.
905 925 992 991 Nam
1015 950 1126 992 versus
1150 928 1193 991 23
1218 930 1250 991 et
1273 924 1363 1012 242),

191 1038 308 1124 quihus
330 1039 428 1122 pocta
450 1036 597 1122 priorum
621 1035 714 1119 quasi
738 1056 897 1099 summam
927 1033 1007 1098 facit
1029 1036 1062 1098 et
1085 1034 1228 1119 generali
1252 1034 1362 1099 addita

190 1144 353 1209 sententia
379 1141 582 1229 pronuntiat,
616 1163 713 1225 quam
741 1141 776 1204 in
791 1141 948 1237 ‚luterum
976 1144 1105 1225 tempus
1124 1163 1276 1222 normam
1299 1141 1362 1206 sibi

188 1251 409 1336 proposuerit,
436 1251 506 1312 tam
533 1247 707 1312 manifesto
735 1245 898 1310 clausulae
926 1247 1065 1330 speciem
1088 1269 1166 1331 prae
1189 1271 1223 1312 sc
1246 1248 1362 1332 ferunt,

189 1361 226 1422 ut
248 1359 335 1423 ultra
358 1379 413 1422 eos
436 1359 567 1442 poetam
591 1356 778 1420 continuere
803 1375 931 1418 carmen
951 1353 1093 1419 voluisse
1111 1377 1176 1420 non
1196 1355 1239 1419 sit
1263 1354 1362 1420 credi-

126 1537 147 1550 „
189 1461 298 1551 bile.³)
343 1464 414 1528 Iam
442 1462 678 1528 sententiarum
705 1483 805 1526 nexus
834 1461 917 1543 eius,
945 1482 1041 1543 quam
1068 1461 1265 1545 peculiarem
1289 1484 1362 1526 cum

188 1571 325 1638 Barthio
350 1574 383 1635 et
406 1569 605 1636 Baehrensio
630 1569 817 1652 statuimus,
841 1569 962 1654 elegiae
986 1569 1039 1634 hic
1063 1573 1125 1633 est:
1163 1568 1362 1654 Magnopere

188 1679 306 1762 laetor,
333 1680 367 1743 te
390 1699 530 1763 quoque,
556 1676 699 1762 Lynceu,
726 1676 859 1741 tandem
887 1675 1060 1760 aliquando
1088 1677 1209 1741 amoris
1233 1675 1362 1760 ignibus

189 1805 259 1848 esse
296 1785 481 1866 correptum
513 1779 692 1866 (Lynceus
724 1782 795 1865 ipse
827 1803 918 1861 meus
953 1803 1042 1846 seros
1075 1782 1197 1847 insanit
1227 1795 1362 1866 amores,

189 1888 300 1955 Solum
319 1893 351 1953 te
369 1890 500 1955 nostros
519 1890 627 1954 laetor
644 1889 732 1953 adire
751 1885 897 1975 deos'.)⁴)
934 1887 966 1952 N
968 1911 1021 1952 am
1039 1888 1103 1969 hoc
1121 1889 1154 1953 in
1177 1888 1362 1954 discrimine

189 1997 357 2082 intelleges
393 1995 477 2061 nihil
514 1996 576 2060 tibi
612 1994 778 2080 prodesse,
814 2016 896 2079 quse
928 1995 963 2059 in
996 1995 1218 2080 excogitandis
1254 2017 1362 2059 rernm

188 2102 369 2167 rationibus
393 2106 427 2167 et
449 2105 483 2168 in
504 2103 640 2188 legenda
658 2085 879 2186 imitandaque
898 2103 1061 2186 epicorum
1081 2105 1114 2166 et
1132 2099 1363 2188 tragicorum⁵)

188 2210 279 2296 poesi
303 2209 471 2275 collocasti
495 2210 602 2276 studia
620 2208 731 2295 (‘Quid
750 2212 807 2273 tua
826 2206 999 2274 Socraticis
1017 2209 1080 2273 tihi
1098 2231 1183 2274 nunc
1203 2209 1363 2294 sapientia
1436 2278 1438 2284 .

188 2317 282 2380 libris
328 2316 479 2382 Proderit
501 2319 557 2381 aut
580 2338 688 2380 rerum
712 2315 815 2380 dicere
842 2337 938 2398 posse
966 2314 1053 2379 vias'
1076 2365 1084 2381 .
1108 2366 1115 2381 .
1139 2366 1146 2381 .
1171 2315 1305 2381 ‘Desine
1329 2319 1363 2380 et
1469 2351 1472 2358 ⁴

189 2421 370 2507 Aeschyleo
394 2445 587 2507 componere
611 2424 710 2488 verba
734 2421 910 2487 cothurno'
1001 2420 1066 2486 ‘Tu
1085 2444 1151 2487 non
1166 2421 1362 2487 Antimacho

188 2552 255 2594 nou
281 2529 385 2594 tutior
412 2530 476 2595 ibis
504 2530 647 2596 Homero
656 2528 691 2618 ³).
736 2531 789 2594 An
817 2533 913 2615 putas
942 2527 1106 2595 Socratico
1136 2552 1282 2595 sermone
1311 2531 1361 2596 vel

189 2636 330 2716 carmine
344 2634 519 2703 Homerico
543 2637 667 2723 puellas
686 2641 718 2702 te
737 2635 939 2701 redditur'um
958 2637 998 2701 ad
1012 2634 1173 2700 Venerem
1197 2637 1362 2721 prolixas?

189 2741 294 2808 Immo
323 2745 483 2809 amatoria
518 2744 688 2810 scribenda
717 2747 794 2809 sunt
824 2745 969 2808 carmina
999 2740 1132 2830 (unque
1158 2747 1232 2808 tuos
1260 2745 1363 2828 ignes,

191 2848 268 2912 dure
291 2851 403 2933 poeta,
425 2848 543 2938 veni'),
563 2849 687 2938 ,quibus
711 2850 916 2936 exag'tentur
938 2851 1121 2935 puellarum
1142 2850 1243 2915 animi
1266 2853 1298 2914 et
1322 2851 1362 2914 ad

279 3045 307 3111 1)
325 3040 496 3097 Adversaris
512 3041 561 3096 lib.
582 3042 659 3097 XXV
678 3060 700 3098 c.
720 3042 759 3097 lv
777 3061 804 3112 p.
826 3047 894 3098 1218
914 3060 954 3113 sq.

277 3134 303 3199 2)
324 3130 379 3185 Sed
397 3148 550 3202 numquam
568 3131 645 3186 vitae
663 3148 707 3187 me
726 3131 809 3187 fallet
825 3148 897 3203 ruga
911 3147 1025 3187 severae
1041 3133 1045 3200 Ι
1061 3131 1164 3186 Omnes
1178 3130 1235 3185 iam
1249 3134 1361 3200 norunt,

187 3235 272 3288 quam
291 3220 328 3273 sit
346 3236 440 3274 amare
458 3219 571 3274 bonum.

279 3311 306 3376 3)
326 3307 407 3373 Quod
425 3307 512 3377 igitur
531 3307 780 3378 Hertzbergiua
800 3307 925 3377 (Quaest.
944 3307 1026 3378 Prop.
1042 3308 1068 3362 ΙΙ
1083 3312 1099 3362 t
1113 3327 1141 3378 p.
1156 3311 1200 3377 95)
1220 3325 1302 3378 posse
1321 3307 1361 3362 di·

186 3397 394 3464 versaspartes
413 3397 535 3465 aposta
554 3395 636 3450 unius
662 3396 794 3451 carminis
818 3396 927 3451 ambitu
950 3396 1088 3451 contineri
1111 3397 1268 3466 contendit,
1291 3396 1363 3451 nihil

187 3484 224 3540 sd
242 3502 301 3539 rem
322 3486 378 3553 est;
397 3501 489 3553 neque
503 3483 578 3539 enim
591 3484 622 3539 id
636 3477 761 3555 offendit,
776 3485 852 3554 quod
862 3504 887 3540 v.
899 3491 934 3540 25
943 3503 1033 3541 novus
1046 3486 1147 3556 incipit
1161 3485 1362 3541 sententiarum

188 3573 265 3640 ordo,
285 3573 335 3628 sed
352 3575 427 3641 quod
446 3573 496 3643 qui
513 3573 684 3630 antecedunt
700 3589 796 3628 verens
818 3575 860 3628 ita
883 3575 949 3628 sunt
972 3574 1138 3645 comparati,
1162 3578 1194 3629 ut
1216 3575 1291 3630 ultra
1314 3591 1362 3631 eos

187 3661 380 3718 continuatum
398 3663 434 3717 iri
452 3679 565 3718 carmen
582 3679 665 3718 nemo
683 3663 772 3718 lector
790 3661 926 3732 suspicari
943 3661 1040 3732 possit.

276 3755 303 3818 4)
323 3751 453 3806 Ceterum
476 3751 561 3807 miror
584 3751 761 3807 Barthium
788 3767 856 3807 voce
877 3751 967 3806 ‘deos’
992 3749 1087 3806 Musas
1111 3751 1261 3821 significari
1279 3754 1362 3821 velle,

186 3840 262 3911 quod
280 3858 390 3911 prorsus
408 3841 533 3896 alienum
546 3857 564 3896 a
577 3841 780 3897 sententiarum
798 3858 872 3896 nexu
890 3843 945 3908 esu
964 3858 1029 3896 nsm
1044 3840 1179 3910 idipsum
1194 3841 1281 3896 obicit
1294 3843 1360 3898 Pro·

186 3928 294 4000 portius
313 3929 417 3999 amico,
436 3931 511 3998 qnod
537 3931 628 3986 adhuc
650 3949 706 3987 non
729 3931 802 3986 adiit
824 3946 887 3985 suas
905 3931 1013 3999 Mursa,
1037 3930 1055 3984 i.
1075 3947 1098 3986 e.
1118 3947 1174 3986 non
1193 3931 1284 3986 eidem
1303 3949 1361 3986 car·

187 4019 295 4073 minum
315 4020 411 4090 generi
430 4036 543 4089 operam
562 4019 639 4075 dedit
657 4022 740 4090 atque
759 4019 827 4089 ipse.
855 4017 1041 4090 intellegendi
1059 4019 1119 4074 sine
1134 4019 1218 4074 dubio
1233 4019 1319 4075 Amor
1333 4022 1362 4076 et

185 4107 287 4164 Vanus.
1189 4111 1193 4114 ’

276 4199 303 4268 5)
322 4197 421 4266 Itaque
439 4213 571 4266 perversa
589 4195 793 4252 Baehrenaii
811 4195 984 4266 coniectura,
1003 4198 1050 4268 qui
1070 4216 1095 4253 v.
1117 4201 1133 4251 5
1157 4196 1267 4252 scribit:
1292 4197 1362 4254 ‘Aut

186 4286 253 4357 quid
271 4304 347 4341 naue
363 4287 412 4342 Tei
429 4285 483 4341 tibi
501 4288 620 4357 prosunt
638 4284 764 4341 carmine
782 4285 882 4352 lects’3
908 4303 973 4341 nam
993 4288 1127 4342 absonum
1146 4287 1190 4341 est
1202 4287 1359 4340 Anacreon·

185 4378 244 4430 tem
262 4375 379 4444 lyricum
398 4375 535 4446 despicis
548 4374 702 4446 Propertio,
721 4391 784 4430 cum
802 4374 832 4429 id
846 4374 937 4444 ipsum
952 4377 989 4431 ait
1003 4375 1134 4431 carminis
1153 4373 1309 4446 eonsilium,
1326 4378 1360 4430 ut

187 4465 222 4519 ad
242 4463 393 4518 imitandos
411 4464 513 4533 lyricos
531 4466 696 4520 adhortetur
713 4466 862 4535 Lynceum.
