3186 5088
611 378 879 441 .-29-

183 539 289 605 solum
316 560 381 604 non
410 537 550 622 probata
578 540 641 621 est,
669 537 725 620 sed
752 538 851 602 etiam
878 558 936 622 per
965 558 999 601 se
1027 535 1108 601 satis
1136 535 1356 600 videturesse

184 645 315 711 absona.
353 643 387 710 si
412 647 519 709 autem
544 643 583 708 de
610 643 659 709 his
686 643 770 708 ludis
798 647 967 709 narratum
995 643 1095 708 fuisse
1122 641 1227 726 primo
1257 642 1356 707 actio·

182 773 254 816 rum
276 750 362 834 libro
390 751 424 814 in
447 750 685 815 dubitationem
715 753 863 834 vocatur,
886 751 952 814 iam
974 753 1046 824 tota
1064 747 1294 814 Schneideri
1316 748 1357 813 de

182 857 252 924 cius
276 858 352 923 libri
375 861 568 944 argumento
592 857 741 922 ὑπόθεει(
764 857 943 922 collabitur.

273 963 319 1028 at
341 963 410 1046 ipse
433 964 484 1028 vir
502 963 616 1029 doctus
636 963 819 1047 suspicatus
837 963 966 1028 videtur
985 985 1069 1047 esse,
1092 962 1175 1027 mira
1189 961 1248 1026 illa
1261 982 1358 1046 ergu-

185 1071 383 1136 mentatione
398 1071 576 1156 legcntium
596 1071 713 1135 animis
734 1092 767 1135 sc
780 1092 848 1135 non
861 1069 1112 1135 satisfacturum.
1140 1067 1239 1133 Addit
1257 1068 1356 1136 enim:

184 1176 326 1243 ‘interim
348 1178 508 1262 largimur
529 1181 663 1262 propter
684 1177 903 1261 fragmentum
922 1177 965 1242 29
988 1197 1084 1261 posse
1108 1175 1206 1240 etiam
1230 1175 1271 1240 ad
1292 1178 1358 1242 ter-

182 1285 264 1348 tium
294 1283 415 1349 libmm
444 1305 563 1369 agones
592 1282 778 1347 referendos
806 1304 876 1347 esse
904 1281 1033 1366 putari'.
1079 1282 1125 1346 At
1152 1304 1229 1348 vero
1259 1282 1357 1368 paulo

184 1393 270 1475 post,
294 1390 328 1456 id
351 1413 385 1456 se
409 1393 564 1476 largitum
588 1412 658 1455 esse
685 1412 817 1474 prorsus
848 1390 968 1455 oblitus
998 1393 1062 1472 est3
1092 1389 1162 1475 agit
1189 1389 1275 1454 enim
1301 1389 1359 1473 ita,

184 1499 341 1581 tanquam
364 1499 562 1583 argumentis
587 1500 712 1562 constet
736 1497 926 1562 certissimis
953 1517 1020 1561 non
1047 1496 1081 1560 in
1108 1497 1222 1581 tertio,
1245 1494 1301 1560 sed
1324 1496 1359 1560 in

183 1603 288 1686 primo
307 1604 391 1668 libro
410 1604 518 1668 locum
537 1602 631 1668 ludos
650 1602 813 1669 habuisse.
848 1602 935 1668 Nam
954 1606 991 1667 ut
1005 1625 1045 1667 ea
1063 1605 1210 1688 tangam,
1233 1602 1272 1667 de
1291 1603 1359 1687 qui-

184 1711 245 1774 bus
269 1732 345 1775 mox
367 1710 550 1775 accuratius
574 1710 635 1773 erit
657 1709 892 1793 disserendum,
915 1731 988 1775 cnm
1008 1708 1265 1775 Schneiderus
1288 1709 1358 1774 illo-

184 1838 257 1880 rum
285 1815 411 1903 Hygini
439 1817 581 1900 capitum
608 1816 693 1881 hene
722 1816 930 1882 constituerit
958 1816 1218 1901 dispositionem,
1249 1818 1287 1880 ut
1317 1815 1359 1899 id,

185 1945 249 2008 quo
272 1922 312 1987 de
335 1923 421 1988 ludis
445 1925 565 2009 agitur,
593 1923 733 2007 primum
760 1924 867 1989 locum
894 1927 1016 2007 teneat,
1045 1945 1123 1988 num
1146 1923 1176 1987 ei
1197 1923 1276 1988 licet
1298 1943 1358 2006 pro

185 2035 273 2096 certo
297 2029 474 2115 affirmare,
503 2030 637 2095 eandem
669 2051 738 2094 esse
767 2031 927 2096 aetiorum
955 2033 1051 2115 atquc
1079 2030 1224 2113 capitum
1247 2051 1359 2096 eorum

187 2137 444 2221 dispositionem,
462 2138 527 2202 nisi
541 2137 640 2201 etiam
658 2136 693 2200 in
708 2136 802 2200 aetiis
820 2139 960 2219 primum
979 2135 1073 2200 ludos
1092 2136 1200 2202 locum
1218 2137 1360 2202 tenuisse

188 2245 277 2308 omni
300 2246 366 2310 iam
390 2247 479 2310 caret
502 2242 728 2309 dubitatione?
765 2242 853 2308 Num
870 2243 947 2307 licet
966 2242 1049 2327 inde,
1073 2242 1158 2326 quod
1181 2223 1360 2308 ecdem'dit

185 2355 396 2437 utrommque
416 2350 603 2434 dispositio,
627 2349 780 2434 colligere
808 2349 917 2432 capita
934 2349 992 2414 illa
1010 2371 1049 2414 ex
1069 2346 1268 2416 Callimacho
1288 2371 1358 2415 esse

186 2457 340 2522 hausta?l

277 2563 338 2629 Sed
363 2561 439 2647 quid
463 2560 577 2644 refert,
601 2584 698 2647 quam
721 2563 846 2626 incerta
869 2562 913 2627 sit
937 2560 1165 2627 Schneideri
1189 2562 1359 2646 sententia,

186 2694 260 2736 cum
283 2691 415 2755 prorsus
438 2670 554 2735 falsam
579 2691 651 2734 eam
673 2690 744 2734 esse
763 2669 844 2734 satis
864 2668 1003 2734 dilucide
1022 2669 1228 2754 comprobari
1245 2670 1359 2754 possit.

185 2778 306 2843 Exstat
339 2779 426 2842 enim
458 2778 493 2843 in
525 2777 625 2843 schol.
651 2775 766 2842 Venct.
796 2777 836 2841 ad
865 2775 903 2842 ll.
933 2775 1015 2841 XIII
1038 2777 1081 2841 66
1108 2777 1166 2841 illa
1193 2775 1232 2841 de
1259 2774 1360 2841 Aiace

187 2883 269 2949 Oilei
292 2884 360 2949 filio
383 2884 493 2948 fabula
515 2885 550 2948 in
572 2884 658 2949 hunc
680 2883 747 2948 fere
771 2884 902 2949 modum
924 2887 1072 2950 narrata:
1101 2883 1218 2948 iratam
1241 2880 1360 2948 Miner·

186 3013 278 3075 vam,
301 2989 387 3075 quod
405 2990 528 3074 inipso
549 2990 618 3055 eius
636 2990 759 3074 templo
774 2988 975 3057 Cassandrae
993 2991 1060 3056 rim
1075 2991 1239 3074 attulerat,
1263 2987 1360 3056 Grae·

186 3117 399 3127 -η--ι--ο-

185 3165 314 3222 thenaeis
340 3168 437 3221 fierent
460 3165 600 3244 βρυθυείαι
623 3167 652 3220 et
674 3164 855 3234 rpeuvoptcr',
879 3165 1083 3235 primumcum
1101 3182 1208 3220 morem
1231 3165 1268 3220 ad
1290 3166 1360 3222 istos

186 3256 267 3312 ludos
286 3273 304 3311 a
326 3255 439 3312 Priamo
463 3255 619 3311 celebratos
642 3255 784 3311 rettulisse
809 3254 929 3310 Graecos
951 3271 1004 3310 nec
1026 3255 1085 3308 ullo
1109 3255 1259 3324 probatum
1281 3254 1360 3310 testi-
1387 3271 1389 3276 ·

186 3345 281 3401 monio
299 3347 329 3401 et
346 3362 397 3416 per
415 3361 445 3400 sa
463 3345 523 3398 veri
541 3347 585 3399 est
603 3343 836 3409 dissimillimum
855 3342 957 3397 deinde
971 3359 987 3398 c
1001 3342 1094 3413 logica
1111 3342 1220 3398 ratione
1238 3359 1273 3398 ne
1292 3343 1361 3397 licet

187 3434 300 3504 quidem
318 3434 380 3489 viro
398 3433 481 3489 docto
500 3433 557 3488 tale
575 3434 665 3488 αἴτιον
684 3433 816 3488 statuere.
852 3431 927 3488 Nam
949 3447 1013 3486 curn
1036 3447 1091 3486 uno
1114 3431 1188 3487 libro
1213 3447 1293 3486 sacra
1310 3450 1361 3502 pu·

186 3521 263 3577 blica
279 3524 402 3578 tractata
418 3522 505 3577 fuisse
524 3524 631 3577 statuat
647 3523 689 3578 ita
709 3521 834 3590 quidem,
854 3524 887 3577 ut
904 3520 935 3576 id
952 3522 1059 3591 ipsum,
1083 3521 1157 3575 unde
1182 3536 1292 3576 sacrum
1310 3522 1360 3576 ali·

188 3609 264 3678 quod
281 3608 394 3664 initium
412 3609 545 3679 cepisset,
564 3611 697 3680 cuiusque
721 3610 853 3666 carminis
877 3611 965 3664 αἴτιον
987 3609 1074 3664 fuisse
1097 3609 1240 3678 opinetur:
1264 3609 1289 3663 si
1311 3609 1361 3664 alii

155 3683 159 3694 ⁴
187 3696 260 3751 libro
278 3696 359 3753 ludos
378 3698 516 3754 solemnes
534 3697 722 3768 assignavisse
740 3701 854 3769 poetam
873 3699 975 3768 censet,
995 3699 1193 3768 oporteteum,
1208 3699 1359 3768 siquidem

188 3786 243 3841 sibi
262 3789 389 3842 constare
406 3787 482 3854 vult,
501 3787 532 3843 id
549 3787 655 3858 ipsum,
679 3788 752 3844 unde
775 3787 913 3858 originem
936 3786 1068 3843 duxerint
1089 3787 1162 3854 ludi,
1187 3786 1361 3858 singalomm

187 3876 247 3931 eius
265 3875 331 3931 libri
349 3875 503 3930 carminum
521 3878 596 3932 αἴτια
613 3877 699 3932 luisse
717 3876 862 3945 arbitrari;
884 3877 938 3932 nisi
962 3878 1037 3932 forte
1055 3893 1167 3930 omnem
1185 3876 1360 3932 Callimacho

187 3964 396 4020 distribuendae
415 3964 550 4020 materiae
567 3966 705 4021 rationem
723 3967 858 4037 derogem
876 3965 946 4021 vult.
984 3964 1053 4019 Cum
1075 3964 1164 4035 igitur
1181 3966 1253 4020 nulli
1278 3963 1360 4020 Calli-

187 4054 281 4109 machi
300 4056 393 4110 actste
411 4051 472 4106 ludi
490 4055 591 4121 essent,
610 4054 658 4122 qui
677 4054 713 4108 ab
730 4053 793 4110 istis
807 4072 825 4110 a
838 4054 951 4109 Priamo
966 4053 1113 4109 celebratis
1131 4053 1205 4108 ludis
1225 4052 1360 4123 originem

188 4143 299 4198 duxisse
317 4142 498 4212 putabantur,
516 4142 607 4196 totam
625 4140 660 4197 de
679 4142 719 4197 eis
736 4142 881 4198 historiam
900 4143 937 4198 sb
955 4143 1092 4198 aetiorum
1110 4142 1220 4198 ratione
1239 4141 1360 4196 alienam

189 4232 366 4301 asscitaque
388 4248 446 4287 non
468 4229 554 4286 fuisse
577 4246 595 4285 s
616 4228 791 4286 Callimacho
819 4232 960 4286 narratam
988 4229 1017 4284 in
1043 4246 1076 4286 eo
1103 4231 1234 4299 poemate
1261 4231 1361 4299 sponte

85 4307 93 4320 ’
188 4321 275 4390 patet
312 4319 372 4375 Nec
397 4337 463 4376 sanc
486 4319 718 4376 Schneiderus
741 4319 813 4374 adeo
835 4319 957 4389 logicam
979 4318 1119 4374 rationem
1140 4317 1285 4384 violasset,
1308 4316 1362 4370 nisi

189 4426 240 4464 sua
259 4409 293 4465 de
311 4408 526 4480 Pseudohygino
545 4407 687 4466 sententia
705 4407 871 4464 obcaecatus
890 4408 1002 4479 fuisset3
1026 4424 1083 4477 qna
1101 4408 1136 4464 de
1154 4423 1185 4464 re
1203 4405 1361 4462 accuratius

188 4498 263 4556 infra
281 4499 495 4570 disputabimus.
