3186 5088
673 357 866 420 ..9-

181 537 258 600 que,
284 518 322 579 ut
355 516 471 580 molles
504 517 628 601 elegos,
661 497 724 600 quo
758 536 874 601 genere
907 511 1056 601 equidem
1088 520 1233 601 praesto,
1271 539 1355 583 com-

180 644 300 706 ponere
323 623 407 687 scias
432 621 508 709 (Ἕῦ
530 623 652 688 frustra
675 623 784 706 cupies
807 622 937 688 mollem
968 645 1161 709 componere
1184 621 1355 709 versum').

180 728 279 793 Vides
310 729 430 814 opponi
458 730 544 793 inter
570 751 604 794 se
633 729 757 813 epicam
785 729 910 815 poesim
939 733 971 795 et
999 753 1081 816 quae
1110 735 1252 796 vocatur.
1267 730 1356 814 ‘lyri-

180 833 307 924 cum’¹);
335 837 392 902 illa
420 837 517 921 nihil,
549 836 610 901 hac
639 836 776 924 multum
800 837 913 920 profici
941 836 975 900 in
1000 859 1109 902 amore
1132 837 1220 902 dicit.
1265 836 1356 920 Ergo

180 942 241 1008 hac
264 944 299 1008 in
323 944 428 1028 elegia
450 944 532 1008 talia
555 943 712 1028 carmina,
736 943 846 1027 qualia
870 943 955 1007 aetia
978 943 1122 1029 fuerunt,
1149 943 1356 1028 Propertium

182 1050 341 1115 imitanda
360 1051 464 1146 amieq
484 1072 664 1136 proponere
683 1050 824 1115 voluisse
842 1050 990 1134 ineptum
1009 1055 1060 1116 est
1079 1050 1247 1135 arbitrari,
1270 1073 1356 1134 nam,

182 1160 219 1222 ut
241 1158 307 1222 iam
331 1157 415 1241 dixi,
439 1179 514 1222 suos
538 1157 641 1240 ipsius
670 1179 795 1222 amores
819 1154 1004 1242 Cyrenaeus
1026 1180 1066 1223 ne
1094 1158 1194 1223 verbo
1228 1156 1356 1243 quidem

180 1264 214 1328 in
238 1287 276 1329 eo
300 1286 395 1349 opere
419 1265 540 1349 attigit.
576 1263 645 1328 Iam
670 1286 749 1329 sana
767 1287 827 1330 nos
851 1265 901 1330 uti
923 1265 1050 1330 ratione
1070 1265 1142 1351 quis
1161 1264 1304 1348 negabit,
1328 1264 1357 1329 si

68 1386 69 1389 ’
180 1371 215 1434 in
230 1370 372 1434 carmine
386 1369 419 1435 Π
434 1371 487 1456 34,
506 1371 596 1435 cuius
615 1393 747 1455 prorsus
767 1371 852 1436 idem
870 1374 1032 1457 astatque
1050 1372 1099 1437 illi
1118 1371 1356 1436 sententiarum

180 1499 289 1560 nexus,
317 1477 509 1562 reprehendi
533 1477 641 1561 potius
666 1477 752 1542 aetia
777 1500 873 1562 quam
898 1477 1075 1543 collaudari
1099 1476 1297 1542 statuimus?

271 1582 409 1650 Carmen
427 1583 443 1648 I
463 1585 483 1648 9
504 1609 523 1649 a
547 1585 689 1648 carmine
709 1586 727 1649 7
748 1606 785 1648 eo
804 1588 933 1650 tantum
957 1584 1078 1668 differt,
1102 1584 1187 1668 qnod
1206 1585 1272 1648 lom
1290 1605 1353 1649 cor-

182 1696 302 1774 reptum
333 1712 442 1755 amore
470 1690 641 1759 Ponticum
668 1695 767 1776 poeta
797 1692 999 1776 adloquitur,
1031 1691 1195 1778 ceteroqui
1221 1714 1282 1775 par
1308 1694 1359 1756 est

182 1801 375 1882 argumento
399 1819 437 1863 ac
460 1798 640 1863 sententiis,
677 1798 761 1863 Ecce
784 1821 911 1864 versus:

291 1903 373 1981 Quid
397 1904 459 1970 tibi
482 1927 568 1969 nunc
591 1905 710 1970 misero
734 1905 868 1989 prodest
889 1925 987 1990 grave
1011 1905 1117 1969 dicere
1141 1927 1271 1971 carmen

273 2021 282 2037 ⁸
344 2012 413 2075 Aut
434 2011 653 2096 Amphioniae
676 2012 804 2077 moenia
827 2011 905 2076 fiere
927 2012 1038 2097 lyrae?

288 2117 367 2182 Plus
389 2117 424 2181 in
447 2139 557 2182 amore
580 2118 668 2182 valet
690 2117 876 2183 Mimnermi
899 2140 1011 2183 versus
1034 2118 1193 2203 Homero,

343 2221 495 2289 carmina
518 2227 708 2289 mansuetus
732 2225 819 2289 lenia
843 2224 972 2310 quaerit
994 2221 1105 2290 Amor.

289 2332 319 2416 I,
342 2354 477 2416 quaeso,
501 2335 534 2396 et
558 2333 657 2397 tristis
679 2334 754 2397 ciclos
777 2353 933 2416 compone
956 2331 1071 2398 lchcllos

342 2438 388 2504 Et
411 2460 501 2522 cene,
524 2441 606 2522 qaod
625 2441 749 2522 quaevis
771 2461 858 2505 nosse
874 2440 983 2522 puello
1004 2439 1092 2505 velit.

183 2545 273 2630 Ergo
300 2546 335 2610 in
362 2545 424 2610 hac
453 2567 580 2629 quoque
609 2545 715 2631 elegia
744 2545 851 2629 epicae
879 2545 971 2629 poesi
999 2550 1207 2638 opponuntur
1235 2545 1359 2631 elegiae

183 2651 370 2735 amatoriae,
393 2651 510 2735 quibus
533 2655 630 2734 poeta
652 2652 704 2716 sal
727 2651 846 2715 amoris
870 2651 996 2717 dolores
1026 2652 1066 2717 ad
1090 2652 1356 2718 commovendum

182 2757 309 2843 puellae
333 2755 509 2844 animum²)
532 2758 763 2850 proloquatur,
787 2758 908 2842 optime
932 2758 1032 2843 igitur
1054 2758 1196 2824 Homero
1221 2759 1356 2843 opponi-

182 2868 237 2928 tur
258 2863 486 2948 Mimnermus3
508 2865 655 2948 ineptum
674 2869 768 2950 esset,
793 2866 820 2929 si
845 2886 916 2930 cum
936 2864 1129 2930 Mimnermo
1149 2865 1235 2929 aetia
1258 2861 1356 2929 Calli-

183 2971 291 3036 machi
323 2975 568 3056 opponerentur.
606 2969 658 3035 Ita
690 2970 723 3034 in
752 2972 892 3036 carmine
920 2971 954 3036 II
982 2973 1025 3037 34
1058 2972 1180 3056 optime
1213 2969 1356 3037 Homero

184 3078 362 3164 opponitur
384 3078 543 3160 Philetas,
572 3077 663 3143 cuius
692 3076 857 3144 Battidem
881 3079 921 3144 ad
948 3079 1052 3163 ipsius
1076 3083 1192 3162 poetae
1216 3099 1359 3143 amorem

183 3186 379 3270 pertinuisse
397 3185 484 3250 inter
503 3207 614 3251 omnes
634 3188 777 3270 constat,
800 3186 949 3269 ineptum
969 3189 1068 3269 esset,
1092 3186 1119 3249 si
1138 3207 1211 3250 cum
1229 3183 1360 3248 Philota

185 3295 425 3375 opponerentur
448 3293 533 3356 aetia
557 3283 758 3375 Callimachi,
782 3293 899 3377 quibus
924 3292 1003 3376 quin
1027 3293 1132 3356 aliena
1159 3291 1230 3356 fata
1251 3312 1360 3355 narra-

183 3398 269 3461 verit
291 3400 401 3483 poeta‚
425 3419 521 3462 nemo
546 3419 688 3482 unquam
712 3398 882 3463 dubitavit

272 3504 381 3569 Pauca
399 3504 438 3569 de
458 3504 617 3587 versibm,
642 3505 696 3589 qui
715 3508 893 3590 sequuntur
911 3505 1016 3590 illum,
1035 3525 1098 3588 quo
1118 3503 1247 3569 ‘inflati’
1267 3525 1360 3568 voca-

185 3611 299 3676 bulum
323 3611 515 3696 continetur,
539 3611 713 3678 adicienda.

275 3858 301 3926 1)
320 3857 450 3927 Lyricam
469 3873 503 3912 eo
522 3875 604 3913 sensu
623 3857 694 3929 dico,
713 3877 769 3929 quo
788 3858 879 3914 omnis
893 3859 985 3930 poesie
1001 3858 1262 3930 comprehenditur,
1282 3858 1361 3913 cuiue

184 3947 213 4001 id
232 3947 376 4018 proprium
395 3948 447 4016 est,
465 3948 498 4000 ut
515 3947 549 4002 de
569 3948 626 4003 suis
644 3949 733 4020 ipsius
747 3949 834 4004 animi
850 3947 1043 4004 affectionibus
1057 3949 1143 4018 poeta
1160 3948 1247 4004 verba
1265 3947 1360 4002 faciat.
1412 3987 1415 3994 ⁴

273 4038 301 4106 2)
319 4036 420 4105 ltaque
439 4039 556 4092 exeunte
576 4038 697 4092 carmine
716 4055 781 4109 pro:
802 4036 913 4092 ‘Dicere
928 4054 983 4106 quo
997 4053 1105 4107 pereas,
1125 4053 1208 4105 saepe
1223 4035 1253 4089 in
1267 4050 1361 4090 amore

184 4125 272 4180 levat’
293 4125 469 4194 probandum
488 4125 534 4193 sit,
552 4125 627 4194 quod
646 4125 824 4181 coniecerunt
842 4125 920 4181 Itali:
947 4125 1058 4182 ‘Dicere
1077 4144 1132 4194 quo
1151 4141 1257 4195 pereas,
1278 4139 1361 4193 saepe

184 4213 214 4267 in
233 4229 327 4270 amore
345 4214 446 4269 iuvat’.
474 4214 606 4269 Ceterum
620 4215 713 4282 miror,
733 4215 808 4284 quod
822 4213 1059 4270 Lachmannns
1079 4214 1206 4284 ‘errata'‚
1224 4213 1299 4282 quod
1318 4211 1362 4267 eet

185 4310 215 4364 in
234 4303 411 4358 antecedenti
429 4320 525 4372 versu,
545 4303 579 4358 de
598 4303 658 4374 ipso
677 4303 787 4359 Pontici
806 4321 900 4358 amore
923 4304 1089 4375 intellegere
1111 4302 1244 4373 potuerit.
1281 4301 1361 4356 Acci-

185 4391 320 4461 piendum
338 4391 396 4445 eine
415 4391 499 4448 dubio
519 4393 554 4447 de
573 4409 606 4448 ao
626 4409 727 4461 errore,
746 4409 830 4463 qnam
848 4391 980 4449 Pontion·
999 4409 1087 4460 usque
1105 4392 1141 4447 ed
1159 4391 1229 4446 illud
1247 4393 1359 4461 tempus

185 4479 275 4548 lyrica
293 4479 373 4549 poesi
392 4479 525 4550 despecta
541 4481 720 4537 commiserit.
