3186 5088
689 297 905 362 ...40-

375 457 449 532 Ncn
472 459 602 544 glebam
626 480 729 542 prono
753 457 906 524 convellit
929 479 1058 523 vomere
1082 461 1208 541 taurus,

269 605 272 619 =
374 562 452 631 Non
473 566 541 630 falx
565 567 713 630 attenuat
734 564 960 630 frondatorum
983 565 1109 630 arboris
1133 565 1290 649 umbram,

376 670 530 756 Squalida
552 671 688 736 desertis
711 671 828 757 rubigo
851 671 989 737 infertur
1012 671 1137 736 aratris.
1252 745 1254 748 ¹

216 851 326 916 Etiam
352 851 414 916 hcc
441 851 512 915 loco
536 854 587 914 ter
608 851 694 915 idem
722 871 910 936 expressum
939 853 1002 914 est:
1029 871 1119 933 apros
1141 871 1204 915 aaa
1226 850 1297 934 coli,
1324 849 1389 933 pri-

217 980 306 1022 mum
335 957 441 1022 verbis
466 956 677 1022 ‘mollescunt
700 957 783 1022 colla
806 955 969 1043 iuvencis',
995 958 1108 1023 deinde
1131 957 1276 1022 uberius:
1309 955 1389 1021 ‘non

217 1064 347 1149 glebam
370 1086 474 1148 prono
497 1064 651 1129 convellit
678 1087 806 1130 vomere
830 1064 964 1147 taurus’,
993 1067 1064 1130 tum
1088 1062 1259 1149 ‘Squalida
1287 1063 1389 1128 deser·
1431 1045 1439 1066 ⁹

218 1171 261 1234 tir
284 1170 400 1256 rubigo
424 1171 564 1235 infertur
586 1171 729 1236 aratria’.

306 1311 458 1379 Alterum
481 1313 601 1378 nimiae
625 1313 842 1379 abundantiae
866 1313 1047 1399 exemplum
1069 1313 1144 1378 hoc:

344 1513 346 1530 ·
376 1488 452 1554 Non
475 1490 566 1574 prius
591 1513 628 1554 ex
651 1490 710 1554 illo
733 1490 907 1576 flagrantia
929 1490 1105 1556 declinavit

377 1593 529 1680 Lumina,
553 1619 650 1682 quam
674 1600 791 1662 cuncto
815 1597 1121 1682 concepit'corpore
1145 1598 1310 1662 flammam

377 1702 536 1768 Funditus
560 1707 656 1787 atque
680 1705 754 1769 imis
778 1704 900 1769 exarsit
922 1707 994 1770 tota
1017 1702 1176 1770 medullis.

102 1917 105 1926 ·
219 1879 302 1945 Tum
326 1900 405 1965 quas
429 1881 557 1946 deserta
579 1905 598 1946 a
620 1882 744 1947 Theseo
768 1881 914 1947 Ariadna
936 1881 1043 1947 fundit
1066 1883 1226 1967 querelas,
1253 1882 1392 1946 maxime
1513 1943 1518 1952 .

220 2010 290 2053 erse
313 1989 443 2053 inflatas
476 1988 589 2075 negari
614 1989 743 2073 nequit3
771 1989 862 2054 velut
889 1989 951 2054 hoc
981 2011 1078 2073 quam
1099 1990 1234 2054 verbose
1258 1988 1392 2053 dictum:

380 2166 546 2243 Quaenam
569 2173 601 2231 te
625 2167 738 2252 genuit
762 2167 833 2233 sola
857 2168 916 2232 sub
940 2189 1019 2252 rupe
1041 2168 1168 2252 leaena,

381 2271 473 2349 Quod
496 2295 585 2338 mare
609 2277 800 2358 conceptum
824 2273 1049 2358 spumantibus
1074 2274 1185 2357 expuit
1207 2272 1316 2357 undis,

268 2435 271 2447 .
381 2377 469 2454 Cuae
493 2377 596 2464 Syrtis
620 2402 701 2464 quae
726 2378 835 2464 Scylla
857 2401 971 2464 rapax,
995 2400 1076 2462 quae
1100 2383 1193 2446 vasta
1213 2378 1394 2464 Charybdis

225 2558 390 2642 multaque
414 2557 492 2642 alia,
516 2579 597 2642 quae
622 2579 809 2622 enumerare
832 2559 969 2642 longum
992 2561 1049 2624 est.

313 2682 405 2748 Talia
428 2682 529 2768 igitur
552 2686 627 2748 ante
648 2683 758 2748 oculos
776 2682 930 2747 habuisse
944 2682 1149 2767 Propertium
1168 2686 1201 2747 et
1215 2682 1392 2748 batianum

223 2791 315 2873 pute,
352 2811 426 2854 cum
457 2788 515 2852 illa
546 2789 581 2853 in
613 2787 804 2853 Callimachi
837 2789 1053 2854 elocutionem
1086 2789 1222 2854 crimina
1254 2789 1395 2854 ederent.

223 2895 337 2980 Itaque
361 2917 378 2960 e
401 2898 514 2959 nostro
539 2916 664 2979 quoque
687 2916 820 2960 numero
849 2895 879 2959 ei
892 2895 1051 2980 quidem,
1078 2917 1214 2979 quorum
1241 2895 1396 2962 iudicium

223 3003 258 3067 in
280 3001 434 3067 intuenda
462 3001 713 3085 admirandaque
742 3003 959 3086 antiquiorum
987 3004 1156 3087 poetarum
1186 3002 1396 3086 simpb'citate

226 3109 462 3174 conformatum
486 3113 548 3194 est,
570 3131 761 3194 persuasum
783 3108 939 3192 habeant,
962 3109 1159 3173 inflatiorem
1178 3109 1277 3174 fuisse
1296 3109 1396 3174 aetio·

224 3237 296 3280 rum
329 3215 556 3300 elocutionem,
589 3239 686 3301 quam
719 3237 800 3299 quae
831 3215 903 3301 sibi,
929 3215 958 3280 si
980 3214 1063 3279 illud
1088 3237 1205 3299 poema
1233 3218 1398 3280 servatum

226 3321 401 3388 memoriae
426 3325 523 3405 esset,
546 3322 673 3405 placere
695 3324 815 3405 posset.
862 3320 949 3387 Satis
973 3321 1053 3386 haec
1077 3320 1115 3384 de
1139 3321 1327 3386 elocutione.

313 3445 420 3531 Atque
444 3446 482 3510 de
507 3448 622 3512 ceteris
647 3468 718 3511 cum
743 3447 1009 3532 acquiescendum
1032 3446 1099 3511 fere
1122 3446 1157 3509 in
1180 3445 1226 3509 eis
1250 3441 1399 3524 arbitrer,

225 3575 307 3638 quae
326 3553 392 3618 iam
412 3556 486 3618 ante
502 3551 735 3618 Schneiderum
757 3556 894 3638 pernota
917 3554 1002 3618 inter
1021 3553 1107 3618 viros
1126 3552 1238 3616 doctos
1256 3552 1398 3636 fuerunt,

224 3661 336 3744 paucis
370 3681 408 3724 ea
440 3661 546 3724 verbis
579 3661 747 3725 absolvere
779 3661 867 3725 libet.
911 3658 1028 3745 Itaque
1063 3664 1192 3744 praeter
1227 3682 1398 3725 numerum

226 3766 419 3852 elegiacum,
441 3767 480 3831 de
499 3788 562 3850 quo
581 3767 671 3831 nulla
690 3768 756 3831 iam
779 3766 938 3831 dubitatio
963 3770 1028 3849 est,
1051 3764 1113 3830 hoo
1135 3769 1275 3851 constat,
1298 3767 1399 3832 fuisse

226 3875 311 3939 aetia
334 3874 559 3939 collectionem
582 3873 740 3939 eiusmodi
763 3873 958 3957 fabularum,
981 3873 1098 3957 quibus
1122 3873 1290 3958 enarratis,
1314 3873 1398 3938 unde

225 3980 452 4047 memorabiles
473 3980 631 4066 quaedam
643 4003 695 4045 res
711 3980 871 4065 originem
890 3979 1066 4064 duxissent,
1085 3981 1261 4064 appareret.
1289 3978 1399 4064 Atque

227 4111 283 4153 eae
306 4109 357 4152 res
382 4088 493 4173 quales
512 4087 647 4172 fuerint,
669 4087 764 4153 docet
781 4086 985 4171 Propertius,
1004 4087 1060 4171 qui
1077 4085 1109 4152 V
1130 4089 1158 4171 1,
1173 4087 1214 4151 69
1235 4087 1398 4152 Romanas

228 4217 262 4261 so
290 4193 438 4259 ‘causas'
468 4195 626 4258 dicturum
658 4193 906 4279 Romanumque
936 4191 1173 4259 Callimachum
1206 4194 1399 4258 exstiturum

228 4324 298 4368 esse
321 4300 488 4385 professus
511 4323 641 4366 versum
664 4300 774 4385 prodit
795 4300 894 4366 hunc:
931 4299 1049 4365 ‘Sacra
1073 4298 1204 4383 diesque
1228 4321 1342 4365 canam
1366 4305 1398 4364 et

227 4409 420 4506 cognomina
446 4409 552 4502 prisca
579 4407 751 4476 locorum’.
796 4407 920 4473 Eadem
949 4406 1053 4492 igitur
1081 4403 1266 4491 Cyrenaeus
1288 4405 1398 4490 expli·
