3186 5088
668 329 940 448 ..43„‘

189 561 283 625 libris
312 562 420 644 plures
448 565 597 626 narratas
627 561 727 648 fuisse
757 562 899 646 fabulas,
933 584 1070 646 quarum
1098 584 1191 626 suum
1219 583 1364 646 quaeque

191 667 301 731 aetion
332 667 487 752 habebat,
518 690 577 752 per
601 689 634 732 se
668 669 748 732 satis
780 671 880 752 patet.
926 668 1098 746 Quaeritur
1128 668 1364 752 tantummodo,

190 777 299 840 utrum
319 797 383 840 uno
402 779 514 841 tenore
537 761 633 859 poeta
653 773 799 859 singulos
823 775 924 840 libros
944 775 1188 859 continuaverit,
1208 797 1250 839 an
1268 796 1364 858 pecu-

191 881 269 946 liare
302 903 512 966 unaquaeque
545 881 649 967 elegia
683 882 930 966 absolutumque
962 881 1062 947 fuerit
1095 904 1233 946 carmen.
1278 881 1364 946 Illud

189 989 363 1072 probatum
400 991 450 1052 111
486 991 614 1072 praeter
645 985 893 1075 Heclrerum¹)
931 988 1190 1074 Hertzbergio
1224 987 1364 1073 (quaest.

190 1094 284 1180 Prop.
307 1095 340 1159 ΙΙ
365 1117 434 1180 cap.
459 1097 477 1160 7
501 1118 530 1179 p.
558 1093 634 1181 196)
669 1095 724 1179 qui
754 1095 871 1161 vellem
899 1116 965 1159 non
991 1116 1124 1178 prorsus
1153 1095 1364 1160 abstinuisset

191 1202 404 1287 argumentis3
435 1202 497 1267 hoo
525 1202 647 1284 placuit
674 1199 923 1285 Schneidero,
950 1202 1137 1287 Rauchi0,
1165 1201 1364 1286 Dilthey0,

191 1309 246 1394 qui
274 1309 342 1373 iure
371 1311 483 1372 monet
513 1309 578 1372 tria
609 1308 668 1372 illa
699 1308 914 1391 Propertiana
942 1309 1029 1374 aetia
1053 1305 1097 1393 (V
1121 1311 1151 1393 2,
1173 1311 1204 1394 4,
1228 1309 1263 1394 9)
1293 1330 1365 1372 eam

190 1416 346 1499 praebere
370 1415 525 1499 speciem,
547 1418 585 1479 ut
603 1418 636 1479 11
655 1414 727 1499 ipsa
746 1419 778 1479 et
802 1437 853 1500 ea,
876 1438 1013 1500 quorum
1032 1416 1073 1480 ad
1097 1418 1262 1501 exemplar
1280 1439 1363 1481 com·

189 1521 298 1606 posita
327 1524 417 1607 sunt,
446 1521 576 1607 integra
605 1521 749 1587 carmina
778 1544 815 1586 ac
842 1543 900 1606 per
923 1545 956 1587 se
981 1523 1132 1588 absoluta
1154 1523 1255 1588 fuisse
1278 1524 1365 1588 vide-

192 1626 328 1713 antur.²)
375 1625 526 1692 Ceterum
550 1629 598 1692 ita
621 1625 858 1694 Callimachum
882 1651 962 1713 opus
987 1651 1081 1694 suum
1104 1629 1301 1714 instituisse,
1330 1633 1366 1696 ut

193 1758 284 1800 suam
317 1735 430 1819 cuique
461 1735 545 1799 libro
579 1735 749 1800 materiam
784 1735 945 1800 affinitate
978 1719 1118 1821 quadam
1150 1757 1365 1821 congenerem

192 1842 387 1928 assignaret,
418 1862 521 1926 neque
546 1863 562 1906 e
586 1841 777 1926 fragmentis
807 1843 954 1907 concludi
977 1846 1087 1926 potest
1108 1864 1211 1927 neque
1235 1844 1365 1910 aliunde

191 1948 340 2014 efficitur.
377 1947 579 2033 Quamquam
602 1943 642 2013 ne
665 1948 735 2033 ipse
759 1949 888 2034 quidem
913 1949 1044 2015 omnino
1065 1951 1188 2015 nullam
1207 1949 1307 2016 fuisse
1330 1951 1366 2015 in

191 2055 284 2120 aetiis
308 2054 553 2139 dispositionem
575 2077 636 2138 pro
661 2059 748 2121 certo
773 2056 1018 2135 affirmaverim
1041 2079 1117 2121 nam
1139 2056 1223 2121 nihil
1246 2058 1365 2141 obstat,

192 2161 270 2244 quin
293 2182 353 2244 pro
376 2161 548 2246 regionum
571 2160 730 2225 affinitate
753 2164 851 2245 poeta
869 2161 997 2228 fabulas
1015 2161 1083 2226 illis
1107 2161 1279 2226 adstrictas
1303 2163 1365 2227 dis-

191 2267 339 2351 posuisse
358 2270 499 2351 putetur.
536 2267 650 2352 Itaque
669 2267 749 2332 haec
769 2268 897 2353 quidem
921 2269 1068 2354 quaestio
1091 2269 1125 2332 in
1144 2268 1249 2334 medio
1268 2269 1365 2334 relin-

192 2373 318 2458 quenda
341 2373 468 2439 videtur
491 2395 569 2438 esse.

280 2479 329 2545 De
353 2481 585 2564 compositione
609 2485 642 2545 et
665 2485 826 2547 structura
845 2483 1061 2568 elegiaco'rum
1081 2481 1272 2548 Callimachi
1290 2505 1364 2568 poe-

192 2589 317 2652 matum
341 2609 413 2652 cum
438 2587 493 2651 1111
516 2587 578 2651 viri
602 2586 688 2652 docti
711 2589 933 2654 disseruerunt
960 2593 1030 2654 tum
1060 2612 1163 2674 nuper
1183 2590 1365 2654 Weiden-

191 2690 411 2781 bachius3),
449 2695 504 2778 qui
536 2693 667 2759 innixus
705 2695 854 2780 inprimis
888 2693 1073 2762 Catulliano
1110 2697 1169 2762 illo
1207 2696 1245 2761 de
1278 2695 1365 2760 Pelei

191 2890 404 2898 ———-——-—.---

282 2977 307 3043 1)
328 2974 433 3030 Comm.
454 2974 563 3031 Gallim.
583 2995 610 3047 p.
630 2981 664 3032 50
683 2978 726 3031 his
745 2978 798 3032 nisi
816 2978 899 3033 fallor
917 2978 1025 3034 verbis:
1052 2980 1114 3034 ‘nec
1138 2979 1237 3049 opinor
1261 2977 1365 3034 Hecale

191 3080 303 3117 carmen
328 3062 383 3118 luit
408 3064 498 3134 magis
524 3055 687 3120 continuum
714 3083 797 3136 quam
824 3067 919 3136 Aetia,
945 3067 968 3121 si
992 3067 1065 3122 enim
1089 3068 1147 3122 1111
1174 3084 1287 3122 carmen
1312 3067 1366 3120 erit

190 3152 270 3220 illud,
290 3152 365 3222 quod
383 3169 495 3222 semper
512 3155 631 3209 eandem
645 3155 792 3216 materiam
807 3156 919 3223 1111111,
934 3156 1079 3212 Aetiornm
1093 3172 1203 3225 quoqne
1218 3173 1364 3226 argumen-

190 3241 251 3294 tum
271 3240 432 3296 continuam
451 3241 544 3297 dicere
563 3243 652 3314 possis
671 3245 796 3299 veterum
816 3244 975 3299 fabularum
999 3243 1222 3313 expositionem'.
1260 3243 1365 3309 Quibus

190 3329 302 3397 praeter
321 3331 415 3386 cetera
439 3330 558 3400 probare
578 3331 672 3385 studet
694 3331 738 3386 vir
755 3331 853 3386 doctus
872 3349 928 3386 non
946 3332 1051 3387 Hecale
1071 3332 1120 3386 sed
1143 3331 1233 3386 Astiis
1252 3348 1365 3402 compo-

190 3416 251 3472 sitis
271 3433 318 3472 eos
336 3417 459 3472 refutare
479 3419 601 3474 voluisse
622 3419 836 3490 Callimchum,
855 3420 904 3488 qui
921 3419 1024 3474 infirmi
1043 3437 1107 3475 eum
1122 3420 1286 3490 magnisque
1306 3437 1365 3474 car-

190 3504 312 3562 minibus
331 3507 482 3562 condendis
500 3507 617 3578 imparis
635 3506 742 3578 ingenii
761 3525 820 3563 esse
840 3509 999 3564 credebant.

279 3605 307 3672 2)
328 3602 458 3658 Ceterum
476 3604 549 3660 falso
562 3604 637 3658 idem
652 3604 841 3675 fragmentum
857 3612 921 3661 120:
941 3608 1023 3674 Χαῖρε
1042 3607 1215 3675 tepuerimus
1233 3607 1366 3664 ἐπίτακτα

192 3691 241 3757 μὲν
260 3692 333 3747 ἑξάκι
353 3694 482 3760 11111111
501 3695 531 3748 δ’
549 3696 730 3763 αὐταγρεάηε
747 3697 863 3750 πολλάκι
881 3696 970 3750 πολλὰ
989 3697 1085 3763 καμὼν
1104 3697 1207 3752 1111111
1226 3697 1366 3768 Propertii

190 3780 316 3836 versibus
332 3780 358 3834 V
373 3787 388 3836 9
404 3785 523 3838 exeunte
537 3784 672 3841 carminat
694 3785 809 3840 ‘Sancte
827 3787 916 3855 pater,
936 3785 1021 3852 salve,
1040 3785 1086 3840 oui
1098 3786 1156 3840 iani
1170 3785 1248 3840 favet
1265 3802 1365 3856 aspera

190 3869 268 3939 Iuno,
288 3870 389 3925 Sancte
408 3870 478 3925 velis
497 3871 569 3926 libro
588 3873 686 3928 dexter
704 3874 793 3928 inesse
812 3873 886 3928 meo'
907 3873 942 3928 ad
964 3873 1102 3928 aetiorum
1121 3872 1237 3928 alicuius
1258 3872 1365 3944 elegiae

190 3961 273 4015 finem
292 3959 442 4015 revocavit.
479 3959 552 4013 Nam
572 3961 657 4016 etiam
676 3962 769 4019 medio
784 3961 900 4018 carmini
914 3962 988 4017 tales
1002 3961 1118 4016 deorum
1133 3961 1365 4032 compellationes

192 4047 394 4105 Callimachum
409 4047 557 4103 inseruisse
573 4053 691 4118 apparet
700 4066 715 4105 1
725 4051 827 4106 Catull.
843 4056 940 4119 1111.
959 4049 1057 4119 Neque
1072 4051 1174 4120 placet,
1189 4049 1265 4119 quod
1279 4050 1364 4104 tertio

190 4137 253 4191 loco
268 4137 351 4192 affert
367 4139 576 4208 argumentum:
597 4137 719 4193 ‘accedit
736 4140 812 4207 quod
831 4139 965 4210 Cydippe,
984 4141 1014 4195 ni
1032 4140 1173 4210 integrum
1192 4137 1291 4193 fuisset
1304 4155 1365 4194 car-

191 4241 263 4291 men,
282 4242 338 4281 non
355 4226 397 4281 ita
414 4228 447 4282 ut
463 4227 591 4283 videmus
614 4228 650 4281 ab
670 4227 770 4283 Ovidio
784 4228 867 4283 Ilisdi
885 4229 989 4300 opponi
1007 4229 1167 4300 potuisset’.
1205 4228 1269 4283 Non
1288 4229 1363 4282 enim

190 4313 273 4368 lliadi
287 4314 437 4384 opponitur
451 4315 580 4386 Cydippa
598 4316 645 4370 ssd
659 4314 774 4386 Achilli,
792 4318 825 4371 ut
843 4317 936 4386 potius
950 4317 985 4372 de
1003 4334 1122 4388 persons
1140 4316 1170 4371 in
1189 4315 1271 4372 111111
1290 4316 1362 4371 1111-

191 4401 277 4457 brata
294 4419 379 4472 quam
398 4403 433 4457 de
452 4404 583 4460 carminis
601 4405 686 4462 titulo
706 4405 887 4476 cogitandum
906 4422 966 4461 erse
983 4406 1120 4462 rideatur.

281 4501 309 4571 3)
329 4500 360 4555 L.
380 4501 490 4571 saepius
508 4503 527 4558 l.
545 4521 573 4572 p.
594 4509 635 4558 11.
