3186 5088
629 1399 784 1497 Caput
812 1399 1021 1474 alterum.

329 1610 438 1678 Finita
465 1612 528 1677 hac
555 1611 663 1697 priore
692 1611 921 1696 disputationis
948 1614 1079 1676 nostrae
1109 1614 1201 1697 parte
1225 1612 1290 1676 iam
1314 1612 1353 1676 ad
1377 1633 1415 1675 ea

241 1720 349 1806 placet
376 1719 525 1784 accedere
554 1718 775 1803 examinanda,
800 1740 881 1802 quae
906 1716 1163 1783 Schneidcrus
1191 1717 1230 1782 de
1258 1718 1415 1784 aetiorum

242 1830 434 1912 argumento
468 1826 568 1890 statui
601 1846 696 1910 posse
730 1825 884 1909 opinatus
918 1828 992 1890 cst·
1021 1825 1110 1902 Quae
1143 1825 1206 1889 etsi
1236 1826 1302 1890 iam
1334 1825 1415 1890 Dil-

242 1931 414 2018 theyus¹)
458 1933 514 1996 alii
550 1932 627 1997 data
662 1931 747 1996 forte
780 1933 946 1997 occasione
983 1932 1271 2017 impugnaverunt,
1306 1934 1413 1996 tamen

243 2062 355 2106 omnes
389 2040 467 2104 adeo
501 2060 538 2102 ea
570 2039 604 2103 in
636 2041 824 2104 transcursu
855 2039 1008 2126 tetigere,
1044 2041 1081 2102 ut
1111 2038 1282 2124 nonnulla,
1314 2039 1415 2122 oredo,

243 2148 421 2232 supersint,
451 2155 534 2232 quae
557 2149 749 2212 moneantur
772 2145 879 2230 digna.
925 2145 1033 2230 Atque
1056 2146 1196 2229 primum
1219 2144 1304 2229 quod
1327 2143 1417 2210 dicit:

244 2252 295 2319 ‘ca
313 2253 498 2338 fragmenta
518 2254 573 2337 qui
595 2254 629 2318 iu
654 2273 773 2338 genera
792 2252 937 2338 digerere
955 2251 1147 2335 instituerit,
1164 2252 1416 2317 trium'maxime

245 2360 375 2444 singula
398 2381 468 2424 esse
492 2379 648 2444 generum
670 2359 826 2442 inveniet3
849 2381 926 2423 nam
944 2358 1110 2442 pertinent
1133 2361 1189 2423 aut
1208 2360 1253 2423 ad
1272 2379 1415 2444 agones

209 2537 212 2542 ,
244 2469 301 2530 aut
338 2467 382 2530 ad
419 2467 648 2551 populorum
681 2466 910 2550 urbiumque
943 2465 1115 2550 origines
1150 2468 1207 2529 aut
1234 2465 1279 2530 ad
1308 2487 1418 2530 sacra

243 2573 401 2656 publica
425 2594 651 2658 omnemque
679 2571 1021 2656 deorumcultum',
1049 2595 1090 2636 ne
1118 2593 1155 2636 ea
1181 2571 1310 2655 quidem
1333 2572 1418 2658 frag-

245 2681 362 2762 menta,
385 2701 467 2764 quae
490 2681 525 2744 in
549 2680 642 2744 actiis
663 2680 771 2745 sedem
796 2679 949 2744 habuisse
969 2683 1092 2744 certum
1116 2682 1174 2762 est,
1192 2679 1321 2745 ratione
1336 2679 1416 2744 satis

245 2808 323 2851 sana
337 2786 551 2870 perlustrasse
566 2785 701 2850 videtur.
723 2783 787 2851 Est
801 2786 886 2850 enim
898 2808 997 2850 unum
1008 2808 1047 2850 ex
1058 2808 1095 2851 eo
1106 2807 1241 2851 numero
1255 2785 1418 2872 fragmen-

245 2895 330 2975 tum,
353 2893 439 2977 quod
462 2892 513 2957 oui
536 2915 648 2958 eorum
672 2912 827 2978 generum
845 2893 914 2957 iuro
935 2892 1071 2957 attribui
1089 2892 1208 2977 possit,
1230 2914 1296 2956 non
1314 2893 1419 2960 video.

245 2998 351 3063 Locus
367 3001 417 3064 est
431 2999 515 3083 apud
530 2997 636 3064 Sohol.
650 2998 746 3063 Hom.
760 2998 797 3063 ll.
810 2997 853 3083 Π,
865 2998 928 3064 145
941 2998 1008 3063 hice
1024 2995 1094 3063 ‘rot
1108 2996 1241 3078 Ἰκαρίου
1255 2999 1418 3078 πελάγους

245 3107 440 3185 κεκλημένου
455 3106 557 3170 οὕτω(
572 3102 637 3170 άπὸ
657 3103 776 3184 Ἰκάρου
794 3109 853 3169 τοῦ
873 3104 1040 3170 Δαιδάλου
1063 3107 1179 3171 παιδὸς
1198 3106 1353 3172 πεεόντοι
1372 3106 1417 3171 εἰ(

247 3211 326 3276 αὐτὸ
349 3212 401 3277 καὶ
424 3209 629 3291 ἀπολομένου
653 3212 764 3276 οὕτως.
803 3212 882 3290 μετὰ
904 3213 962 3292 τὴν
984 3217 1040 3292 τῆ(
1063 3213 1233 3294 Παειφάηι
1258 3215 1338 3292 πρὸ(
1360 3214 1419 3277 τὸν

246 3322 367 3398 ταῦρον
390 3317 471 3398 μίξιν
490 3319 655 3383 Δαίδαλος
678 3319 914 3400 εὐλαβούμενοι
937 3321 995 3399 τὴν
1020 3319 1150 3385 Μίνωα(
1173 3319 1273 3401 ὀργὴν
1297 3341 1419 3400 πτερω-

246 3426 301 3490 τὸι
326 3426 381 3489 cdv
400 3422 507 3508 Ἰκάρῳ
531 3430 577 3509 τῷ
600 3425 662 3491 υἱεῖ
685 3426 831 3505 ἐφέρετο.
862 3427 1098 3492 καταπεεόντοε
1117 3428 1153 3492 δὲ
1171 3432 1230 3492 τοῦ
1248 3428 1363 3492 παιδόι
1380 3428 1419 3490 τὸ

246 3531 459 3611 ὑποκείμενον
482 3534 624 3610 πέλαγος
646 3530 777 3612 Ἰκάριον
801 3532 1036 3612 μετωνομὰιθη.
1082 3533 1100 3597 ὁ
1124 3535 1232 3614 μέντοι
1256 3533 1420 3599 Δαίδαλα(

248 3637 383 3702 διαπτὰε
402 3637 446 3703 εἰ(
467 3637 602 3718 Κάμικον
626 3643 682 3718 τῆ(
697 3639 837 3704 (ικελίαε
855 3640 907 3704 καὶ
925 3641 983 3728 τὸν
1001 3640 1073 3705 υἱὸν
1092 3641 1191 3706 αὐτοῦ
1210 3641 1421 3721 ἐκδεχόμενοι

248 3744 352 3825 ἔμεινε
381 3743 469 3823 παρὰ
495 3748 565 3808 ταῖς
590 3743 742 3809 Κωκάλου
770 3745 972 3825 θυγατράαν,
1000 3745 1061 3826 ὑφ’
1084 3744 1130 3810 ὧν
1154 3746 1173 3810 ὁ
1197 3746 1306 3812 Μίνωι
1334 3749 1420 3828 ἥκων

248 3849 304 3917 ἐπ’
331 3850 520 3931 άναζήτηαν
546 3855 606 3915 τοῦ
633 3850 801 3915 Δαιδάλου
835 3849 1024 3931 ἀποθνήεκει
1053 3854 1288 3931 καταχυθέντο(
1320 3855 1420 3920 αὐτοῦ

248 3961 359 4024 zenon
377 3957 508 4022 liberor·
526 3957 644 4037 irrepet
663 3958 903 4037 Φιλοιτέφανο(
922 3959 973 4023 καὶ
993 3959 1192 4041 Καλλίμαχοι
1211 3961 1246 4025 ἐν
1261 3958 1421 4050 Αἰςίοκά)

250 4136 462 4146 -ι--ι--α

339 4258 366 4326 1)
384 4257 462 4312 Neue
480 4255 582 4312 Jonaer
599 4255 851 4328 Litoraturzeitung
869 4259 924 4314 vol.
944 4259 958 4312 I
978 4264 1047 4314 1874
1065 4278 1092 4329 p.
1112 4264 1165 4315 576
1185 4278 1245 4329 sqq.
1292 4273 1295 4278 ‘

319 4348 366 4434 Ἰ2)
386 4345 417 4400 ‘1.
434 4361 457 4401 e.
477 4362 511 4400 ex
529 4346 775 4416 grammaticorum
794 4366 859 4402 usu:
879 4348 1068 4404 Callimachus
1088 4349 1117 4404 iu
1135 4349 1225 4406 Astiis
1244 4367 1362 4419 eumque
1378 4368 1421 4406 se-

250 4436 330 4490 cutus
349 4435 595 4506 Philostephanus’
618 4434 812 4491 Schneider.
833 4436 902 4493 Call.
921 4438 949 4491 H
966 4456 993 4509 p.
1015 4443 1074 4494 109.
