3186 5088
681 318 901 382 ..39-

203 498 274 543 πνα
302 477 410 558 ῥόδων
438 482 579 558 λειμῶνα
606 479 657 544 καὶ
684 480 722 542 τὸ
751 473 891 558 ἐρύθημα
917 482 1016 545 τοῦτο
1045 479 1143 558 μηδὲν
1172 483 1239 545 τῶν
1262 483 1379 560 χειλῶν

204 585 301 665 αὐτῆ(
320 584 510 666 διαφέρειν’.
518 581 543 671 1)
580 583 729 649 Tertium
751 586 813 649 hae
837 584 1015 650 dulciculae
1036 587 1188 651 arborum
1207 587 1379 673 compella·

202 693 321 776 tiones,
345 713 428 777 quae
450 692 594 757 omnium
613 692 753 756 maxime
771 693 932 758 rationem
950 693 1100 757 redolent
1114 691 1378 761 Callimaoheam:

204 797 282 878 εἴθε,
314 797 341 861 ῶ
370 800 500 878 δένδρα,
536 799 588 862 καὶ
619 803 695 864 vote
725 797 798 878 ὑμῖν
831 800 959 876 γένοιτο
991 801 1043 864 καὶ
1074 802 1182 881 φωνή,
1220 797 1310 865 όπωε
1338 801 1378 868 ἂν

204 904 312 985 εἴπητε
332 905 434 983 μόνον
451 905 606 984 (Κυδίππη
627 902 737 986 καλή’·
759 907 779 985 ἢ
799 899 879 982 γὀῶν
901 909 1040 970 τοεαῦτα
1063 908 1143 971 κατὰ
1165 909 1232 971 τῶν
1251 911 1378 987 φλοιῶν

158 1061 167 1080 .
205 1013 460 1092 ἐγκεκολαμμένα
483 1013 614 1091 φέροιτε
639 1010 819 1091 γράμματα,
843 1009 901 1076 ὅεα
924 1013 982 1092 τὴν
1002 1011 1167 1092 Κυδίππην
1186 1014 1378 1094 ἐπονομάζει

204 1123 311 1201 καλήν.
344 1118 523 1184 Posteriori
538 1118 707 1182 enuntiato
723 1118 834 1182 statim
854 1117 970 1183 addam
984 1119 1056 1203 ipsa
1070 1117 1261 1184 Callimachi
1279 1121 1378 1187 verba

203 1225 287 1292 forte
315 1229 456 1290 servata:
490 1223 577 1290 ‘dal’
604 1225 653 1290 ἐνὶ
680 1226 718 1304 δὴ
748 1228 888 1305 φλοιοῖει
916 1226 1093 1303 κεκομμένα
1122 1223 1217 1290 τόεεα
1246 1227 1377 1305 φέροιτε

120 1330 121 1333 ’
203 1333 382 1413 γράμματα,
409 1332 572 1412 Κυδίππην
596 1331 664 1397 dtc'
687 1333 810 1412 ἐρέουει
833 1328 986 1418 actuum)
1025 1330 1153 1407 Quanta
1176 1333 1211 1396 in
1232 1331 1284 1396 his
1307 1354 1376 1398 ver·

203 1439 318 1504 borum
342 1439 554 1505 abnndantia!
588 1438 693 1514 Quam
716 1439 852 1503 moleste
871 1459 947 1502 sane
967 1437 1093 1504 variata
1116 1437 1228 1502 eadem
1251 1441 1377 1503 senten·
1411 1514 1413 1519 ¹

201 1545 295 1611 tiolal
316 1545 363 1611 -Et
385 1546 484 1629 paulo
507 1545 605 1609 infra:
635 1543 721 1609 ‘dal'
740 1543 767 1607 ῶ
786 1544 925 1624 φίλτατα
948 1545 1079 1623 δένδρα,
1103 1547 1169 1609 τῶν
1191 1545 1377 1624 ἡδυφῶνων

202 1652 340 1731 ὀρνίθων
364 1651 394 1716 οἱ
418 1654 527 1731 θῶκοι,
552 1650 614 1731 ἄρα
638 1650 696 1717 κάν
720 1652 794 1729 ὑμῖν
816 1652 900 1716 ἐετιν
923 1649 1019 1715 οὗτοε
1038 1650 1057 1715 ὁ
1077 1649 1171 1735 έρωε,
1195 1652 1246 1716 καὶ
1264 1652 1377 1718 πίτυοε

201 1759 301 1838 τυχόν
324 1758 442 1839 ἠράεθη
466 1758 657 1838 κυπάριττος
680 1762 699 1840 ἢ
724 1757 805 1824 ἄλλο
829 1759 934 1838 φυτὸν
958 1759 1070 1838 ἑτέρου
1094 1762 1213 1838 φυτοῦ;
1239 1759 1281 1838 μὰ
1301 1759 1376 1839 Δία,

202 1865 261 1930 οὐκ
287 1865 386 1945 οἶμαι·
416 1865 454 1932 οὐ
482 1866 544 1946 γὰρ
567 1865 608 1930 ἂν
631 1867 864 1946 ἑφυλλοροεῑτε
888 1866 939 1930 καὶ
962 1867 1038 1930 rosc
1061 1864 1199 1929 κλάδουε
1222 1864 1333 1929 ἁπλῶε
1357 1865 1376 1930 δ

202 1972 303 2039 πόθοε
326 1973 423 2054 κόμη(
446 1972 526 2052 ὑμᾶε
544 1974 596 2038 καὶ
615 1971 749 2051 ἀγλαῖαε
769 1972 898 2052 ἐψὶλου,
922 1970 1005 2036 ἀλλὰ
1023 1972 1074 2036 καὶ
1093 1973 1183 2052 μέχρι
1207 1973 1376 2051 ετελέχουε

200 2099 235 2143 τε
264 2079 315 2143 καλ
337 2077 439 2158 prov
467 2078 684 2159 ὑπονοετήεαε
712 2083 758 2162 τῷ
786 2083 895 2162 πυρεῷ
923 2076 1093 2144 διικνεῖτο’.
1140 2076 1244 2154 Quam
1271 2101 1375 2162 paene

200 2183 338 2249 ridicula
360 2185 395 2250 in
419 2185 627 2269 exprimendo
656 2186 773 2251 affectu
800 2185 942 2250 luxuria!
983 2183 1129 2269 Denique
1154 2188 1287 2251 exeunte
1312 2187 1376 2271 epi-

201 2291 286 2356 stola
318 2291 398 2357 haec
431 2296 519 2358 sunt:
557 2291 654 2373 ἄμφω
688 2294 724 2357 δὲ
757 2296 945 2373 λαμπροῑε
978 2290 1111 2371 ὄμμαειν
1143 2290 1214 2358 οἷον
1247 2291 1376 2372 ἀετέρεε

200 2395 486 2476 ἀνταυγοῦντεε
509 2399 661 2480 ἀλλήλοιε
680 2399 941 2481 φαιδρότερον
964 2403 1021 2478 τῆ(
1039 2397 1189 2479 ἀλλήλων
1209 2397 1375 2465 ἀπέλαυον

200 2502 342 2580 calceos
389 2503 489 2570 Vides
517 2505 683 2570 notionem
710 2505 848 2589 fulgoris
876 2504 982 2569 tribus
1011 2504 1145 2568 eandem
1167 2504 1300 2570 vocibus
1325 2528 1376 2571 ex-

200 2631 347 2693 pressam
371 2614 469 2697 atque
493 2611 572 2676 adeo
597 2610 839 2696 comparatione
863 2632 933 2675 esse
957 2612 1094 2675 auctam.

290 2714 406 2782 Catull.
434 2716 541 2783 LXIV
569 2715 612 2783 38
645 2720 682 2782 ut
717 2720 919 2802 spectaturos
957 2719 1160 2802 splendorem
1197 2723 1374 2803 apparatus

198 2822 356 2906 nuptialis
379 2846 455 2889 rura
478 2825 657 2890 deseruisse
686 2825 848 2910 agricolas
876 2828 1031 2909 exponat,
1060 2824 1112 2889 his
1140 2825 1243 2889 utitur
1266 2826 1372 2891 verbis

199 2950 217 2993 e
242 2927 434 2996 Callimachi
457 2931 606 2997 videlicet
629 2919 752 3016 epyllio
775 2928 990 3018 translatis³):

304 3037 333 3080 ³
357 3053 447 3119 Rura
470 3054 548 3121 colit
570 3076 679 3140 nemo,
703 3055 899 3120 mollescunt
921 3056 1005 3120 colla
1028 3055 1185 3141 iuvencis,

358 3158 433 3227 Non
456 3161 588 3226 humilis
612 3162 718 3228 curvis
741 3165 901 3248 purgatur
923 3162 1018 3226 vinea
1040 3163 1168 3248 rastris,

287 3377 312 3443 1)
333 3373 414 3429 Hunc
432 3373 526 3429 locum
540 3373 627 3428 ctiam
640 3373 825 3441 Diltheyus
840 3389 855 3428 e
870 3371 1036 3428 Callimachi
1051 3372 1179 3444 Cydippe
1192 3375 1371 3432 transtulisse

200 3463 408 3518 Aristaenetum
426 3479 589 3533 persuasum
608 3462 703 3532 habet,
719 3461 847 3531 quamvis
862 3461 927 3516 huic
946 3478 1056 3532 quoque
1076 3462 1212 3518 simillimi
1229 3464 1372 3520 invenian-

197 3553 243 3604 tur
262 3553 291 3605 et
309 3551 417 3606 Musaei
435 3554 465 3606 et
482 3550 577 3607 Nonni
595 3550 660 3608 loci.
697 3552 738 3606 Ac
756 3568 806 3621 pro
827 3552 991 3620 argumento
1017 3549 1110 3622 affert,
1133 3554 1205 3622 quod
1229 3554 1303 3610 locus
1327 3555 1372 3610 tic

196 3640 343 3710 iasc'paiter
365 3641 508 3719 conueniat
535 3641 714 3706 Callimacho,
737 3656 801 3694 oum
824 3640 876 3694 illa
897 3639 1082 3696 formositatis
1105 3643 1254 3712 praeconia
1276 3643 1372 3700 inania

197 3728 254 3784 sint
271 3745 323 3783 neo
347 3730 415 3798 apta
438 3729 487 3784 ‘ad
509 3729 633 3798 aliquam
656 3729 809 3799 imaginem
833 3730 926 3786 animo
954 3729 1180 3786 informandam'.
1223 3731 1278 3789 Sed
1301 3732 1371 3787 mihi

195 3818 287 3872 fateor
304 3818 453 3886 utrumque
476 3818 570 3873 locum
588 3835 676 3888 aeque
702 3817 791 3874 videri
809 3818 950 3887 inflatum3
974 3836 1026 3873 nee
1044 3835 1110 3874 vero
1128 3819 1159 3874 id
1176 3820 1281 3890 largior
1299 3818 1371 3876 Dil-

196 3906 314 3976 theyo‚
333 3905 366 3958 ut
384 3921 455 3973 quae
474 3922 509 3959 ex
526 3906 696 3963 Aristaeneti
715 3908 835 3977 epistola
849 3907 947 3962 inflata
960 3906 1115 3980 videantur,
1130 3909 1303 3965 Callimacho
1322 3910 1371 3965 ab·

195 3995 302 4051 iudicet
318 3995 351 4048 ut
370 4011 403 4049 eo
421 3992 547 4063 indigna.
583 3995 655 4050 Nam
676 4013 710 4051 ex
729 3995 778 4064 sis,
798 4014 870 4066 quae
893 3996 998 4051 tradita
1020 3998 1097 4065 sunt,
1119 3997 1253 4053 iudicium
1276 3998 1370 4069 potius

196 4103 281 4154 qnam
301 4103 315 4141 e
333 4083 439 4140 iudicio
458 4099 500 4151 ea,
520 4100 592 4153 quae
606 4084 713 4141 tradita
727 4087 800 4155 sunt,
818 4085 849 4139 in
867 4084 1072 4141 dubitationem
1089 4103 1192 4156 vocare
1209 4086 1252 4140 fas
1271 4088 1320 4141 ost.
1336 4118 1369 4128 -

196 4175 327 4231 Ceterum
346 4173 381 4230 ef.
401 4171 511 4230 Callim.
530 4173 585 4230 lav.
605 4173 672 4230 Min.
692 4180 734 4230 27.

286 4266 313 4332 2)
333 4262 425 4319 Schol.
445 4263 482 4318 ad
500 4263 642 4334 Aristoph.
661 4264 781 4319 Acheru.
800 4283 827 4321 ν.
848 4270 907 4318 144.

286 4352 313 4418 3)
334 4349 374 4405 Cf.
401 4351 535 4407 Riesins
564 4368 635 4421 quae
663 4351 818 4422 disputavit
844 4353 874 4407 in
901 4353 971 4409 Mus.
996 4353 1084 4409 Rhen.
1108 4353 1164 4410 vol.
1188 4354 1266 4425 XXI,
1293 4359 1371 4424 1866,

197 4458 224 4510 p.
245 4444 298 4494 498
317 4456 390 4508 sqq.;
410 4456 494 4508 quem
513 4445 623 4500 secutus
642 4444 687 4498 est
704 4441 994 4499 Weidenbaclrius
1012 4441 1031 4498 l.
1050 4442 1069 4500 l.
1088 4460 1115 4512 p.
1137 4447 1178 4500 10.
